3092 4884
141 431 148 443 ,
260 381 328 448 274
606 395 640 445 s.
662 393 784 449 careri
817 391 1017 446 sanuusru

258 557 369 625 neque
380 537 448 624 ipsi
460 534 736 625 baberspoasent
757 556 812 603 rea
836 537 1028 620 familiares,
1051 555 1160 624 neque
1175 535 1262 604 alios
1275 536 1362 624 pati.

259 638 404 730 Agells'us
418 651 448 704 et
463 637 635 727 Augustis.
892 691 896 699 .

302 742 429 826 Igiturl
462 742 606 810 venditis
641 741 913 826 proscriptorum·
936 740 1048 821 bonis,
1091 745 1149 805 aut
1183 738 1360 824 dilargitis.

260 844 294 911 A
317 842 417 909 ellim.
496 903 499 911 .

250 994 254 1000 .
292 867 345 1012 {e
366 946 490 1012 serrum
512 924 680 1009 aoranae
701 949 822 1010 maen·
848 943 1004 1028 Pompeii
1026 945 1158 1010 vicens
1179 943 1362 1028 Hiempsa-

259 1047 338 1116 lemd
351 1048 386 1112 in
399 1065 535 1130 reguum
549 1046 762 1111 restituentis.
809 1043 908 1108 Idem.
978 1079 981 1084 ·

302 1148 519 1232 Maximeque
541 1145 667 1212 ferocia
688 1147 775 1230 regis
801 1145 1015 1214 Mithridab's'
1036 1149 1072 1213 iu
1094 1157 1242 1233 tempore
1255 1145 1361 1211 bella·

258 1253 333 1318 turi.
376 1248 566 1324 llonntuset
582 1248 771 1314 Arusianus.
1213 1307 1215 1320 ,
1340 1297 1345 1306 Δ

285 1401 289 1409 .
301 1352 393 1433 Quin
404 1352 538 1418 lenones
551 1357 586 1416 et
600 1352 717 1417 vinarii
731 1352 889 1436 biniique,
914 1373 1051 1437 quorum
1064 1359 1227 1439 praeterea
1239 1351 1359 1435 uulgus
1440 1341 1447 1346 ’

257 1460 292 1524 in
306 1457 379 1522 dies
393 1473 490 1520 naum
503 1454 614 1532 babet,
628 1454 736 1537 pre-tio
750 1451 952 1538 oompositi.f
993 1452 1143 1520 Carisius.

69 1567 96 1594 ⁴
250 1615 255 1624 .
300 1557 414 1625 Genus
427 1557 527 1622 armis
540 1557 648 1635 ferox,
657 1561 691 1622 et
704 1555 831 1622 servitii
844 1557 1024 1624 insolitum.
1062 1555 1256 1622 Arusianus.

550 1799 553 1803 ²
589 1769 641 1836 Μ.
663 1769 840 1836 AEbssml
862 1769 1029 1836 LEPIDI

441 1917 517 2008 cos.
533 1891 583 1968 An
600 1872 636 1968 PJ
648 1918 681 1968 a
698 1915 838 1968 ounrro
855 1917 1168 1974 connumeruntur.

300 2076 485 2144 Clementia
496 2079 529 2138 at
542 2073 691 2157 probitas
705 2079 826 2150 vestra,
844 2071 1003 2152 Quirites,
1019 2075 1142 2158 quibus
1157 2095 1217 2157 per
1230 2077 1356 2140 oeteme

256 2184 367 2264 gentes
381 2177 521 2241 maximi
534 2181 568 2240 et
581 2174 664 2239 clari
676 2173 782 2251 estis,⁸
797 2173 972 2258 plurimum
987 2177 1112 2242 timoris
1123 2175 1204 2240 mibi
1219 2175 1355 2256 iaciunt,

257 2282 415 2346 adversus
429 2276 644 2362 tyrannidem¹
666 2274 708 2339 L.
723 2273 846 2360 Syllae:
879 2296 920 2340 ne
934 2275 1000 2360 ipsi
1014 2277 1156 2342 nefanda
1169 2297 1246 2362 quse
1263 2277 1356 2344 esti-

218 2389 224 2400 ‘
246 2383 364 2462 ,mutia
379 2401 420 2444 ea
431 2399 549 2463 pamm
571 2362 736 2443 eredendo
758 2375 801 2442 de
819 2377 914 2456 aliis,
930 2380 1235 2444 ,circumveniamini
1248 2379 1354 2464 (pras-

256 2485 367 2550 sertim
391 2501 469 2546 cum
495 2481 545 2544 illi
570 2499 649 2563 spes
671 2481 778 2544 omnis
800 2481 836 2544 iu
860 2482 983 2545 scelere
1005 2487 1102 2564 atque
1125 2480 1265 2566 perfidia
1286 2482 1353 2564 sit;

254 2581 376 2667 neque¹¹
389 2601 426 2645 se
438 2582 533 2646 aliter
554 2585 659 2644 tutum
680 2585 785 2665 putet,
800 2599 898 2664 quem
922 2583 952 2646 si
973 2583 1068 2667 pejor
1092 2589 1191 2668 atque
1215 2583 1353 2647 intesta-

255 2685 353 2749 bilior
379 2680 478 2747 metui
504 2688 615 2746 vestro
644 2680 750 2759 fuerit,
780 2702 847 2766 quo
884 2684 1029 2766 captivis
1056 2685 1215 2750 libertatis
1240 2703 1352 2749 curam

286 2880 297 2912 ⁸
314 2879 406 2937 Quibus
414 2880 514 2930 maximi
523 2882 580 2929 ertia
589 2880 652 2929 ister
661 2884 751 2929 cetera
758 2883 850 2942 gestes.

715 3049 720 3062 '
746 3059 855 3112 noun

284 3171 297 3206 δ
319 3171 411 3235 Igitur]
442 3171 484 3221 lle
496 3171 569 3236 Sylla
586 3171 635 3224 boe
650 3174 710 3223 loeo
728 3187 781 3224 ser·
818 3175 901 3228 deusti.

252 3262 354 3298 mouens
374 3263 432 3299 esse
455 3250 558 3314 quaudo
578 3264 629 3300 non
656 3250 780 3314 probaret
851 3257 865 3294 ¹
894 3247 1063 3316 i'yruseidem]
1095 3249 1259 3302 Dictaturam
1287 3257 1351 3302 ente

253 3322 421 3387 Augustinus,
433 3339 474 3374 res
485 3327 615 3390 ipsasetis
626 3326 779 3378 declareret.
821 3327 913 3391 Lepidi
936 3328 1105 3378 Consulatum
1122 3327 1272 3392 deposuisse
1293 3328 1350 3390 Syl·

283 3398 405 3462 ιΙὺίιίιιε]
435 3399 535 3449 Gellius
547 3401 666 3464 Pompeii
683 3410 780 3452 metum
820 3401 881 3464 iam,
904 3416 955 3452 non
974 3412 1015 3454 est
1031 3402 1136 3453 dubium
1146 3420 1156 3452 ι.
1180 3403 1295 3468 adeoque
1315 3403 1349 3454 de

248 3473 374 3540 explieat,
383 3488 433 3523 uon
449 3477 519 3539 quod
530 3477 575 3526 ilie
584 3482 723 3541 metueret,
732 3477 780 3527 sed
820 3479 876 3543 eJns
887 3479 1062 3530 dominatione
1072 3480 1114 3528 bie
1122 3480 1216 3543 egitur,
1223 3485 1348 3544 quistenns

250 3549 320 3616 quod
330 3556 499 3602 metueretur.
819 3569 876 3604 eam
887 3569 934 3618 per
944 3555 1084 3612 Satellites.
1092 3554 1286 3618 positonomiue
1295 3561 1350 3606 teu·

211 3678 213 3683 ,
281 3624 295 3660 <¹
322 3625 493 3691 Hiempsalem]
535 3627 603 3678 Huic
631 3628 778 3678 Numidiam
819 3635 882 3693 tum,
894 3631 1042 3682 exercebat.

249 3715 309 3754 cum
327 3702 439 3751 Getulis
451 3703 589 3766 Pompeius
609 3705 726 3769 tradidit,
735 3720 779 3756 en·
852 3705 972 3772 ibisque]
1004 3706 1348 3772 igitur,velPrincipiisob·

240 3778 292 3842 *jus
302 3776 382 3826 tilium
392 3779 486 3829 lubens
496 3780 583 3829 Cesar
591 3778 748 3846 profligavit.
818 3783 955 3845 standum
979 3785 1018 3833 rel
1037 3785 1118 3834 semel
1138 3791 1166 3832 et
1185 3789 1294 3845 mature,
1304 3783 1348 3834 sul

282 3860 294 3886 ·
309 3853 474 3917 Mithridatis]
494 3857 550 3904 Rex
567 3855 618 3905 rua
635 3857 714 3906 Ponti
730 3857 779 3906 bli-
818 3873 850 3908 ea
861 3859 933 3909 iubet
942 3859 1068 3922 arripere,
1078 3857 1207 3908 tradenda
1216 3863 1276 3907 sunt
1288 3858 1347 3908 llei-

248 3927 386 3992 tbridates,
396 3929 568 3982 Romanorum
575 3934 714 3982 acerrimus
722 3933 779 3984 bos·
819 3935 928 3998 publice
938 3934 1121 3997 gubernacula.

249 4006 293 4067 tis,
303 4018 383 4070 usque
394 4005 460 4056 adeo
469 4022 567 4057 veneno
576 4017 701 4070 assuetus,
710 4017 778 4060 uteo
849 4008 953 4071 lidda]
979 4007 1346 4072 ueneremur«,

248 4079 353 4130 taudem
364 4083 431 4130 maie
439 4090 565 4134 tentatum
573 4083 777 4150 spiritum,t⁴erro
816 4085 932 4136 seilicet:
950 4099 992 4144 ue,
1000 4085 1022 4134 si
1034 4099 1123 4147 purum
1131 4093 1254 4149 tyrannm
1264 4091 1348 4146 esset;

249 4163 355 4205 coaetus
364 4156 400 4206 sit
411 4159 551 4222 expellere.
816 4168 862 4212 sut
873 4176 918 4212 ros
927 4160 1023 4226 aliquid
1031 4159 1172 4222 auderetis,
1180 4160 1264 4224 ipsum
1274 4155 1346 4210 s'eer·

281 4229 293 4263 f
315 4233 455 4301 θοκροσὶίι]
486 4235 587 4288 Nouius
610 4236 718 4300 exponit
739 4250 776 4286 re·
816 4235 1063 4301 birsimepuuiretis·
