<?xml version="1.0" encoding="UTF-8"?>
<!DOCTYPE html PUBLIC "-//W3C//DTD XHTML 1.0 Transitional//EN"
    "http://www.w3.org/TR/xhtml1/DTD/xhtml1-transitional.dtd">
<html xmlns="http://www.w3.org/1999/xhtml" xml:lang="en" lang="en">
 <head>
  <title>
</title>
<meta http-equiv="Content-Type" content="text/html;charset=utf-8" />
  <meta name='ocr-system' content='tesseract 3.04.00' />
  <meta name='ocr-capabilities' content='ocr_page ocr_carea ocr_par ocr_line ocrx_word'/>
</head>
<body>
  <div class='ocr_page' id='page_1' title='image "./ccrispisallusti02sallgoog_0389.png"; bbox 0 0 3092 4884; ppageno 0'>
   <div class='ocr_carea' id='block_1_1' title="bbox 570 442 1283 507">
    <p class='ocr_par' dir='ltr' id='par_1_1' title="bbox 570 442 1283 507">
     <span class='ocr_line' id='line_1_1' title="bbox 570 442 1283 507; baseline 0.015 -11"><span class='ocrx_word' id='word_1_1' title='bbox 570 448 610 497; x_wconf 82' lang='lat' dir='ltr'><strong>ru</strong></span> <span class='ocrx_word' id='word_1_2' title='bbox 640 449 896 501; x_wconf 69' lang='lat' dir='ltr'><strong>succeserunt.</strong></span> <span class='ocrx_word' id='word_1_3' title='bbox 1217 442 1283 507; x_wconf 74' lang='lat'><strong>373</strong></span> 
     </span>
    </p>
   </div>
   <div class='ocr_carea' id='block_1_2' title="bbox 173 592 1306 3331">
    <p class='ocr_par' dir='ltr' id='par_1_2' title="bbox 173 592 1306 1902">
     <span class='ocr_line' id='line_1_2' title="bbox 180 592 1283 681; baseline 0.009 -25"><span class='ocrx_word' id='word_1_4' title='bbox 180 610 292 675; x_wconf 87' lang='lat' dir='ltr'><strong>quam,</strong></span> <span class='ocrx_word' id='word_1_5' title='bbox 307 593 349 657; x_wconf 90' lang='lat' dir='ltr'><strong>P.</strong></span> <span class='ocrx_word' id='word_1_6' title='bbox 365 592 405 660; x_wconf 81' lang='lat' dir='ltr'><strong>C.</strong></span> <span class='ocrx_word' id='word_1_7' title='bbox 420 594 587 674; x_wconf 80' lang='lat' dir='ltr'><strong>exhausit,</strong></span> <span class='ocrx_word' id='word_1_8' title='bbox 602 602 757 681; x_wconf 88' lang='lat' dir='ltr'><strong>quantum</strong></span> <span class='ocrx_word' id='word_1_9' title='bbox 779 598 896 663; x_wconf 83' lang='lat' dir='ltr'><strong>voluit.</strong></span> <span class='ocrx_word' id='word_1_10' title='bbox 950 596 1005 664; x_wconf 88' lang='lat' dir='ltr'><strong>Ne</strong></span> <span class='ocrx_word' id='word_1_11' title='bbox 1030 618 1169 665; x_wconf 85' lang='lat' dir='ltr'><strong>causam</strong></span> <span class='ocrx_word' id='word_1_12' title='bbox 1191 600 1283 667; x_wconf 88' lang='lat' dir='ltr'><strong>diee-</strong></span> 
     </span>
     <span class='ocr_line' id='line_1_3' title="bbox 179 696 1306 785; baseline 0.01 -28"><span class='ocrx_word' id='word_1_13' title='bbox 179 698 240 770; x_wconf 88' lang='lat' dir='ltr'><strong>ret,</strong></span> <span class='ocrx_word' id='word_1_14' title='bbox 265 698 429 761; x_wconf 77' lang='lat' dir='ltr'><strong>sertertio⁰</strong></span> <span class='ocrx_word' id='word_1_15' title='bbox 451 696 631 761; x_wconf 79' lang='lat' dir='ltr'>duodecies</span> <span class='ocrx_word' id='word_1_16' title='bbox 644 718 719 763; x_wconf 87' lang='lat' dir='ltr'><strong>curn</strong></span> <span class='ocrx_word' id='word_1_17' title='bbox 734 697 870 765; x_wconf 74' lang='lat' dir='ltr'><strong>Geesdre</strong></span> <span class='ocrx_word' id='word_1_18' title='bbox 891 701 1083 785; x_wconf 78' lang='lat' dir='ltr'><strong>paciscitur.</strong></span> <span class='ocrx_word' id='word_1_19' title='bbox 1130 702 1230 782; x_wconf 83' lang='lat' dir='ltr'><strong>Quod</strong></span> <span class='ocrx_word' id='word_1_20' title='bbox 1251 698 1306 779; x_wconf 79' lang='lat' dir='ltr'><strong>si,</strong></span> 
     </span>
     <span class='ocr_line' id='line_1_4' title="bbox 180 797 1282 889; baseline 0.008 -29"><span class='ocrx_word' id='word_1_21' title='bbox 180 797 353 879; x_wconf 75' lang='lat' dir='ltr'><strong>quidpiam</strong></span> <span class='ocrx_word' id='word_1_22' title='bbox 367 818 480 863; x_wconf 89' lang='lat' dir='ltr'><strong>eorum</strong></span> <span class='ocrx_word' id='word_1_23' title='bbox 494 798 614 863; x_wconf 81' lang='lat' dir='ltr'><strong>falsum</strong></span> <span class='ocrx_word' id='word_1_24' title='bbox 628 805 698 879; x_wconf 88' lang='lat' dir='ltr'><strong>est;</strong></span> <span class='ocrx_word' id='word_1_25' title='bbox 723 800 779 863; x_wconf 92' lang='lat' dir='ltr'><strong>bic</strong></span> <span class='ocrx_word' id='word_1_26' title='bbox 793 800 907 883; x_wconf 81' lang='lat' dir='ltr'><strong>pelam</strong></span> <span class='ocrx_word' id='word_1_27' title='bbox 922 801 1046 880; x_wconf 78' lang='lat' dir='ltr'><strong>refelle,</strong></span> <span class='ocrx_word' id='word_1_28' title='bbox 1058 804 1146 867; x_wconf 87' lang='lat' dir='ltr'><strong>unde</strong></span> <span class='ocrx_word' id='word_1_29' title='bbox 1160 811 1208 881; x_wconf 90' lang='lat' dir='ltr'><strong>tu,</strong></span> <span class='ocrx_word' id='word_1_30' title='bbox 1224 807 1282 889; x_wconf 92' lang='lat' dir='ltr'><strong>qui</strong></span> 
     </span>
     <span class='ocr_line' id='line_1_5' title="bbox 178 898 1282 993; baseline 0.009 -32"><span class='ocrx_word' id='word_1_31' title='bbox 178 898 281 993; x_wconf 89' lang='lat' dir='ltr'><strong>modo</strong></span> <span class='ocrx_word' id='word_1_32' title='bbox 304 918 348 963; x_wconf 92' lang='lat' dir='ltr'><strong>ne</strong></span> <span class='ocrx_word' id='word_1_33' title='bbox 368 907 539 983; x_wconf 85' lang='lat' dir='ltr'><strong>paternam</strong></span> <span class='ocrx_word' id='word_1_34' title='bbox 563 900 698 983; x_wconf 84' lang='lat' dir='ltr'><strong>quidem</strong></span> <span class='ocrx_word' id='word_1_35' title='bbox 720 900 857 965; x_wconf 86' lang='lat' dir='ltr'><strong>domurn</strong></span> <span class='ocrx_word' id='word_1_36' title='bbox 879 902 1038 968; x_wconf 84' lang='lat' dir='ltr'><strong>redimere</strong></span> <span class='ocrx_word' id='word_1_37' title='bbox 1051 906 1209 988; x_wconf 86' lang='lat' dir='ltr'><strong>potueris,</strong></span> <span class='ocrx_word' id='word_1_38' title='bbox 1231 902 1282 971; x_wconf 84' lang='lat' dir='ltr'><strong>re-</strong></span> 
     </span>
     <span class='ocr_line' id='line_1_6' title="bbox 179 1003 1282 1089; baseline 0.009 -26"><span class='ocrx_word' id='word_1_39' title='bbox 179 1007 278 1083; x_wconf 81' lang='lat' dir='ltr'><strong>pente</strong></span> <span class='ocrx_word' id='word_1_40' title='bbox 290 1006 448 1086; x_wconf 80' lang='lat' dir='ltr'><strong>uinquam</strong></span> <span class='ocrx_word' id='word_1_41' title='bbox 464 1004 593 1067; x_wconf 88' lang='lat' dir='ltr'><strong>somnio</strong></span> <span class='ocrx_word' id='word_1_42' title='bbox 606 1003 738 1081; x_wconf 81' lang='lat' dir='ltr'><strong>beatus,</strong></span> <span class='ocrx_word' id='word_1_43' title='bbox 749 1003 876 1068; x_wconf 78' lang='lat' dir='ltr'><strong>bortosP</strong></span> <span class='ocrx_word' id='word_1_44' title='bbox 887 1003 1156 1089; x_wconf 81' lang='lat' dir='ltr'><strong>pretiosissimos,</strong></span> <span class='ocrx_word' id='word_1_45' title='bbox 1170 1008 1282 1073; x_wconf 87' lang='lat' dir='ltr'><strong>villam</strong></span> 
     </span>
     <span class='ocr_line' id='line_1_7' title="bbox 179 1101 1283 1190; baseline 0.008 -24"><span class='ocrx_word' id='word_1_46' title='bbox 179 1101 310 1169; x_wconf 83' lang='lat' dir='ltr'><strong>&#39;liberti</strong></span> <span class='ocrx_word' id='word_1_47' title='bbox 325 1103 366 1170; x_wconf 86' lang='lat' dir='ltr'><strong>G.</strong></span> <span class='ocrx_word' id='word_1_48' title='bbox 382 1104 540 1184; x_wconf 82' lang='lat' dir='ltr'><strong>Caesaris,</strong></span> <span class='ocrx_word' id='word_1_49' title='bbox 563 1106 708 1189; x_wconf 88' lang='lat' dir='ltr'><strong>reliquas</strong></span> <span class='ocrx_word' id='word_1_50' title='bbox 728 1107 959 1189; x_wconf 75' lang='lat' dir='ltr'><strong>possessiones</strong></span> <span class='ocrx_word' id='word_1_51' title='bbox 983 1108 1179 1190; x_wconf 70' lang='lat' dir='ltr'><strong>paraveris?</strong></span> <span class='ocrx_word' id='word_1_52' title='bbox 1213 1110 1283 1175; x_wconf 86' lang='lat' dir='ltr'><strong>Ne·</strong></span> 
     </span>
     <span class='ocr_line' id='line_1_8' title="bbox 180 1205 1282 1290; baseline 0.013 -24"><span class='ocrx_word' id='word_1_53' title='bbox 180 1222 245 1285; x_wconf 89' lang='lat' dir='ltr'><strong>quc</strong></span> <span class='ocrx_word' id='word_1_54' title='bbox 270 1208 377 1289; x_wconf 79' lang='lat' dir='ltr'><strong>piguit</strong></span> <span class='ocrx_word' id='word_1_55' title='bbox 400 1227 563 1290; x_wconf 78' lang='lat' dir='ltr'><strong>quaerere,</strong></span> <span class='ocrx_word' id='word_1_56' title='bbox 588 1227 721 1290; x_wconf 77' lang='lat' dir='ltr'><strong>curego</strong></span> <span class='ocrx_word' id='word_1_57' title='bbox 748 1206 791 1271; x_wconf 92' lang='lat' dir='ltr'><strong>P.</strong></span> <span class='ocrx_word' id='word_1_58' title='bbox 815 1205 929 1273; x_wconf 83' lang='lat' dir='ltr'><strong>Crassi</strong></span> <span class='ocrx_word' id='word_1_59' title='bbox 952 1207 1085 1273; x_wconf 90' lang='lat' dir='ltr'><strong>domum</strong></span> <span class='ocrx_word' id='word_1_60' title='bbox 1106 1212 1282 1280; x_wconf 79' lang='lat' dir='ltr'><strong>emissem:</strong></span> 
     </span>
     <span class='ocr_line' id='line_1_9' title="bbox 180 1309 1283 1394; baseline 0.005 -23"><span class='ocrx_word' id='word_1_61' title='bbox 180 1326 255 1371; x_wconf 92' lang='lat' dir='ltr'><strong>cum</strong></span> <span class='ocrx_word' id='word_1_62' title='bbox 279 1312 315 1371; x_wconf 90' lang='lat' dir='ltr'><strong>tu</strong></span> <span class='ocrx_word' id='word_1_63' title='bbox 336 1310 457 1373; x_wconf 85' lang='lat' dir='ltr'><strong>veteris</strong></span> <span class='ocrx_word' id='word_1_64' title='bbox 471 1310 560 1373; x_wconf 74' lang='lat' dir='ltr'><strong>villa</strong></span> <span class='ocrx_word' id='word_1_65' title='bbox 582 1309 737 1373; x_wconf 88' lang='lat' dir='ltr'><strong>dominus</strong></span> <span class='ocrx_word' id='word_1_66' title='bbox 751 1310 811 1385; x_wconf 87' lang='lat' dir='ltr'><strong>sis,</strong></span> <span class='ocrx_word' id='word_1_67' title='bbox 833 1309 930 1392; x_wconf 87' lang='lat' dir='ltr'><strong>eujus</strong></span> <span class='ocrx_word' id='word_1_68' title='bbox 955 1310 1054 1394; x_wconf 86' lang='lat' dir='ltr'><strong>paulo</strong></span> <span class='ocrx_word' id='word_1_69' title='bbox 1077 1316 1152 1375; x_wconf 79' lang='lat' dir='ltr'><strong>ente</strong></span> <span class='ocrx_word' id='word_1_70' title='bbox 1173 1313 1283 1378; x_wconf 82' lang='lat' dir='ltr'><strong>fuerat</strong></span> 
     </span>
     <span class='ocr_line' id='line_1_10' title="bbox 180 1406 1282 1494; baseline 0.006 -22"><span class='ocrx_word' id='word_1_71' title='bbox 180 1406 322 1473; x_wconf 71' lang='lat' dir='ltr'><strong>Caesari</strong></span> <span class='ocrx_word' id='word_1_72' title='bbox 352 1410 478 1489; x_wconf 81' lang='lat' dir='ltr'><strong>modo,q</strong></span> <span class='ocrx_word' id='word_1_73' title='bbox 491 1413 640 1494; x_wconf 85' lang='lat' dir='ltr'><strong>inquam,</strong></span> <span class='ocrx_word' id='word_1_74' title='bbox 654 1411 853 1494; x_wconf 87' lang='lat' dir='ltr'><strong>patrimonio</strong></span> <span class='ocrx_word' id='word_1_75' title='bbox 867 1432 933 1477; x_wconf 91' lang='lat' dir='ltr'><strong>non</strong></span> <span class='ocrx_word' id='word_1_76' title='bbox 947 1432 1092 1491; x_wconf 88' lang='lat' dir='ltr'><strong>comeso,</strong></span> <span class='ocrx_word' id='word_1_77' title='bbox 1108 1414 1166 1479; x_wconf 86' lang='lat' dir='ltr'><strong>sed</strong></span> <span class='ocrx_word' id='word_1_78' title='bbox 1181 1413 1282 1479; x_wconf 88' lang='lat' dir='ltr'><strong>devo-</strong></span> 
     </span>
     <span class='ocr_line' id='line_1_11' title="bbox 178 1512 1283 1597; baseline 0.004 -22"><span class='ocrx_word' id='word_1_79' title='bbox 178 1517 264 1588; x_wconf 84' lang='lat' dir='ltr'><strong>rato,</strong></span> <span class='ocrx_word' id='word_1_80' title='bbox 286 1512 408 1596; x_wconf 90' lang='lat' dir='ltr'><strong>quibus</strong></span> <span class='ocrx_word' id='word_1_81' title='bbox 429 1514 612 1577; x_wconf 87' lang='lat' dir='ltr'><strong>rationibus</strong></span> <span class='ocrx_word' id='word_1_82' title='bbox 635 1519 768 1597; x_wconf 87' lang='lat' dir='ltr'><strong>repente</strong></span> <span class='ocrx_word' id='word_1_83' title='bbox 792 1513 902 1579; x_wconf 84' lang='lat' dir='ltr'><strong>fectus</strong></span> <span class='ocrx_word' id='word_1_84' title='bbox 927 1535 964 1579; x_wconf 88' lang='lat' dir='ltr'><strong>es</strong></span> <span class='ocrx_word' id='word_1_85' title='bbox 986 1522 1052 1580; x_wconf 87' lang='lat' dir='ltr'><strong>tam</strong></span> <span class='ocrx_word' id='word_1_86' title='bbox 1075 1514 1224 1593; x_wconf 81' lang='lat' dir='ltr'><strong>effluens,</strong></span> <span class='ocrx_word' id='word_1_87' title='bbox 1249 1521 1283 1579; x_wconf 89' lang='lat' dir='ltr'><strong>et</strong></span> 
     </span>
     <span class='ocr_line' id='line_1_12' title="bbox 173 1604 1282 1700; baseline 0.002 -21"><span class='ocrx_word' id='word_1_88' title='bbox 173 1619 247 1679; x_wconf 80' lang='lat' dir='ltr'><strong>taur</strong></span> <span class='ocrx_word' id='word_1_89' title='bbox 262 1614 407 1679; x_wconf 79' lang='lat' dir='ltr'><strong>beaurst</strong></span> <span class='ocrx_word' id='word_1_90' title='bbox 442 1613 534 1679; x_wconf 89' lang='lat' dir='ltr'><strong>Nam</strong></span> <span class='ocrx_word' id='word_1_91' title='bbox 548 1615 624 1697; x_wconf 88' lang='lat' dir='ltr'><strong>quis</strong></span> <span class='ocrx_word' id='word_1_92' title='bbox 646 1622 678 1679; x_wconf 89' lang='lat' dir='ltr'><strong>te</strong></span> <span class='ocrx_word' id='word_1_93' title='bbox 698 1615 823 1682; x_wconf 83' lang='lat' dir='ltr'><strong>iaceret</strong></span> <span class='ocrx_word' id='word_1_94' title='bbox 836 1604 1013 1695; x_wconf 81' lang='lat' dir='ltr'><strong>baercdem,</strong></span> <span class='ocrx_word' id='word_1_95' title='bbox 1029 1635 1128 1700; x_wconf 87' lang='lat' dir='ltr'><strong>quem</strong></span> <span class='ocrx_word' id='word_1_96' title='bbox 1142 1635 1184 1680; x_wconf 90' lang='lat' dir='ltr'><strong>ne</strong></span> <span class='ocrx_word' id='word_1_97' title='bbox 1200 1617 1282 1681; x_wconf 85' lang='lat' dir='ltr'><strong>ami·</strong></span> 
     </span>
     <span class='ocr_line' id='line_1_13' title="bbox 178 1715 1281 1803; baseline 0.003 -24"><span class='ocrx_word' id='word_1_98' title='bbox 178 1732 256 1780; x_wconf 90' lang='lat' dir='ltr'><strong>cum</strong></span> <span class='ocrx_word' id='word_1_99' title='bbox 275 1715 407 1799; x_wconf 87' lang='lat' dir='ltr'><strong>quidem</strong></span> <span class='ocrx_word' id='word_1_100' title='bbox 422 1735 518 1781; x_wconf 91' lang='lat' dir='ltr'><strong>suum</strong></span> <span class='ocrx_word' id='word_1_101' title='bbox 532 1719 615 1783; x_wconf 86' lang='lat' dir='ltr'><strong>satis</strong></span> <span class='ocrx_word' id='word_1_102' title='bbox 629 1716 803 1783; x_wconf 86' lang='lat' dir='ltr'><strong>honestum</strong></span> <span class='ocrx_word' id='word_1_103' title='bbox 826 1719 1001 1803; x_wconf 89' lang='lat' dir='ltr'><strong>quisquam</strong></span> <span class='ocrx_word' id='word_1_104' title='bbox 1017 1718 1083 1781; x_wconf 90' lang='lat' dir='ltr'><strong>sibi</strong></span> <span class='ocrx_word' id='word_1_105' title='bbox 1098 1716 1202 1797; x_wconf 90' lang='lat' dir='ltr'><strong>ducit,</strong></span> <span class='ocrx_word' id='word_1_106' title='bbox 1215 1719 1281 1783; x_wconf 87' lang='lat' dir='ltr'><strong>nisi</strong></span> 
     </span>
     <span class='ocr_line' id='line_1_14' title="bbox 180 1816 530 1902; baseline 0.003 -22"><span class='ocrx_word' id='word_1_107' title='bbox 180 1816 311 1893; x_wconf 89' lang='lat' dir='ltr'><strong>similis,</strong></span> <span class='ocrx_word' id='word_1_108' title='bbox 326 1837 367 1883; x_wconf 91' lang='lat' dir='ltr'><strong>ac</strong></span> <span class='ocrx_word' id='word_1_109' title='bbox 381 1837 443 1902; x_wconf 83' lang='lat' dir='ltr'><strong>par</strong></span> <span class='ocrx_word' id='word_1_110' title='bbox 457 1819 530 1883; x_wconf 81' lang='lat' dir='ltr'><strong>tuit</strong></span> 
     </span>
    </p>

    <p class='ocr_par' dir='ltr' id='par_1_3' title="bbox 175 1918 1283 3331">
     <span class='ocr_line' id='line_1_15' title="bbox 221 1918 1280 2005; baseline 0.003 -23"><span class='ocrx_word' id='word_1_111' title='bbox 221 1918 270 1981; x_wconf 84' lang='lat' dir='ltr'><strong>At</strong></span> <span class='ocrx_word' id='word_1_112' title='bbox 285 1918 432 1983; x_wconf 82' lang='lat' dir='ltr'><strong>Hercule</strong></span> <span class='ocrx_word' id='word_1_113' title='bbox 446 1920 579 2002; x_wconf 79' lang='lat' dir='ltr'><strong>egregia</strong></span> <span class='ocrx_word' id='word_1_114' title='bbox 600 1918 690 1983; x_wconf 83' lang='lat' dir='ltr'><strong>sucta</strong></span> <span class='ocrx_word' id='word_1_115' title='bbox 702 1922 865 2005; x_wconf 87' lang='lat' dir='ltr'><strong>majorum</strong></span> <span class='ocrx_word' id='word_1_116' title='bbox 888 1928 1018 1986; x_wconf 91' lang='lat' dir='ltr'><strong>tuorum</strong></span> <span class='ocrx_word' id='word_1_117' title='bbox 1042 1926 1075 1985; x_wconf 83' lang='lat' dir='ltr'><strong>tc</strong></span> <span class='ocrx_word' id='word_1_118' title='bbox 1099 1920 1280 1985; x_wconf 84' lang='lat' dir='ltr'><strong>extollunt:</strong></span> 
     </span>
     <span class='ocr_line' id='line_1_16' title="bbox 177 2022 1280 2108; baseline 0.004 -21"><span class='ocrx_word' id='word_1_119' title='bbox 177 2043 318 2108; x_wconf 87' lang='lat' dir='ltr'><strong>quorum</strong></span> <span class='ocrx_word' id='word_1_120' title='bbox 339 2026 468 2089; x_wconf 86' lang='lat' dir='ltr'><strong>sivetu</strong></span> <span class='ocrx_word' id='word_1_121' title='bbox 490 2042 527 2087; x_wconf 87' lang='lat' dir='ltr'><strong>es</strong></span> <span class='ocrx_word' id='word_1_122' title='bbox 552 2024 684 2101; x_wconf 86' lang='lat' dir='ltr'><strong>similis,</strong></span> <span class='ocrx_word' id='word_1_123' title='bbox 710 2025 782 2088; x_wconf 89' lang='lat' dir='ltr'><strong>sive</strong></span> <span class='ocrx_word' id='word_1_124' title='bbox 804 2025 853 2088; x_wconf 93' lang='lat' dir='ltr'><strong>illi</strong></span> <span class='ocrx_word' id='word_1_125' title='bbox 875 2027 937 2103; x_wconf 89' lang='lat' dir='ltr'><strong>tui,</strong></span> <span class='ocrx_word' id='word_1_126' title='bbox 961 2024 1042 2089; x_wconf 87' lang='lat' dir='ltr'><strong>nihil</strong></span> <span class='ocrx_word' id='word_1_127' title='bbox 1064 2024 1107 2088; x_wconf 82' lang='lat' dir='ltr'><strong>ud</strong></span> <span class='ocrx_word' id='word_1_128' title='bbox 1133 2022 1280 2091; x_wconf 86' lang='lat' dir='ltr'><strong>omnium</strong></span> 
     </span>
     <span class='ocr_line' id='line_1_17' title="bbox 177 2122 1282 2209; baseline 0 -20"><span class='ocrx_word' id='word_1_129' title='bbox 177 2126 301 2204; x_wconf 86' lang='lat' dir='ltr'><strong>scelus,</strong></span> <span class='ocrx_word' id='word_1_130' title='bbox 317 2141 358 2190; x_wconf 81' lang='lat' dir='ltr'><strong>ac</strong></span> <span class='ocrx_word' id='word_1_131' title='bbox 381 2126 562 2209; x_wconf 88' lang='lat' dir='ltr'><strong>nequitiam</strong></span> <span class='ocrx_word' id='word_1_132' title='bbox 585 2126 663 2191; x_wconf 87' lang='lat' dir='ltr'><strong>addi</strong></span> <span class='ocrx_word' id='word_1_133' title='bbox 687 2130 805 2209; x_wconf 87' lang='lat' dir='ltr'><strong>potest.</strong></span> <span class='ocrx_word' id='word_1_134' title='bbox 847 2124 986 2203; x_wconf 88' lang='lat' dir='ltr'><strong>Verum,</strong></span> <span class='ocrx_word' id='word_1_135' title='bbox 1010 2131 1047 2191; x_wconf 90' lang='lat' dir='ltr'><strong>ut</strong></span> <span class='ocrx_word' id='word_1_136' title='bbox 1068 2124 1199 2209; x_wconf 86' lang='lat' dir='ltr'><strong>opinor,</strong></span> <span class='ocrx_word' id='word_1_137' title='bbox 1221 2122 1282 2189; x_wconf 90' lang='lat' dir='ltr'><strong>bo·</strong></span> 
     </span>
     <span class='ocr_line' id='line_1_18' title="bbox 176 2226 1283 2313; baseline 0.001 -24"><span class='ocrx_word' id='word_1_138' title='bbox 176 2245 276 2291; x_wconf 87' lang='lat' dir='ltr'><strong>nores</strong></span> <span class='ocrx_word' id='word_1_139' title='bbox 290 2229 338 2292; x_wconf 93' lang='lat' dir='ltr'><strong>tui</strong></span> <span class='ocrx_word' id='word_1_140' title='bbox 361 2232 394 2291; x_wconf 86' lang='lat' dir='ltr'><strong>te</strong></span> <span class='ocrx_word' id='word_1_141' title='bbox 418 2228 545 2293; x_wconf 83' lang='lat' dir='ltr'><strong>iaciunt</strong></span> <span class='ocrx_word' id='word_1_142' title='bbox 568 2229 774 2293; x_wconf 86' lang='lat' dir='ltr'><strong>insolentem.</strong></span> <span class='ocrx_word' id='word_1_143' title='bbox 833 2228 899 2313; x_wconf 84' lang='lat' dir='ltr'><strong>Tu,</strong></span> <span class='ocrx_word' id='word_1_144' title='bbox 915 2226 1034 2313; x_wconf 77' lang='lat' dir='ltr'><strong>Crispe</strong></span> <span class='ocrx_word' id='word_1_145' title='bbox 1049 2226 1199 2304; x_wconf 76' lang='lat' dir='ltr'><strong>Sallusti,</strong></span> <span class='ocrx_word' id='word_1_146' title='bbox 1212 2230 1283 2290; x_wconf 84' lang='lat' dir='ltr'><strong>tan·</strong></span> 
     </span>
     <span class='ocr_line' id='line_1_19' title="bbox 177 2326 1280 2414; baseline -0.003 -21"><span class='ocrx_word' id='word_1_147' title='bbox 177 2328 281 2394; x_wconf 87' lang='lat' dir='ltr'><strong>tidem</strong></span> <span class='ocrx_word' id='word_1_148' title='bbox 306 2334 406 2413; x_wconf 86' lang='lat' dir='ltr'><strong>putas</strong></span> <span class='ocrx_word' id='word_1_149' title='bbox 429 2349 504 2394; x_wconf 87' lang='lat' dir='ltr'><strong>csse</strong></span> <span class='ocrx_word' id='word_1_150' title='bbox 528 2332 581 2394; x_wconf 87' lang='lat' dir='ltr'><strong>bis</strong></span> <span class='ocrx_word' id='word_1_151' title='bbox 607 2335 817 2410; x_wconf 73' lang='lat' dir='ltr'><strong>senatorem:</strong></span> <span class='ocrx_word' id='word_1_152' title='bbox 833 2336 867 2395; x_wconf 90' lang='lat' dir='ltr'><strong>et</strong></span> <span class='ocrx_word' id='word_1_153' title='bbox 892 2331 944 2394; x_wconf 89' lang='lat' dir='ltr'><strong>bis</strong></span> <span class='ocrx_word' id='word_1_154' title='bbox 973 2334 1174 2414; x_wconf 68' lang='lat' dir='ltr'><strong>quaestorem</strong></span> <span class='ocrx_word' id='word_1_155' title='bbox 1198 2326 1280 2407; x_wconf 86' lang='lat' dir='ltr'><strong>lieri,</strong></span> 
     </span>
     <span class='ocr_line' id='line_1_20' title="bbox 177 2428 1280 2517; baseline -0.001 -23"><span class='ocrx_word' id='word_1_156' title='bbox 177 2432 294 2515; x_wconf 85' lang='lat' dir='ltr'><strong>quanti</strong></span> <span class='ocrx_word' id='word_1_157' title='bbox 306 2432 360 2496; x_wconf 92' lang='lat' dir='ltr'><strong>bis</strong></span> <span class='ocrx_word' id='word_1_158' title='bbox 374 2431 592 2510; x_wconf 86' lang='lat' dir='ltr'><strong>consularem,</strong></span> <span class='ocrx_word' id='word_1_159' title='bbox 610 2438 644 2497; x_wconf 88' lang='lat' dir='ltr'><strong>et</strong></span> <span class='ocrx_word' id='word_1_160' title='bbox 661 2434 716 2497; x_wconf 92' lang='lat' dir='ltr'><strong>bis</strong></span> <span class='ocrx_word' id='word_1_161' title='bbox 739 2432 994 2517; x_wconf 81' lang='lat' dir='ltr'><strong>triumphalemt</strong></span> <span class='ocrx_word' id='word_1_162' title='bbox 1028 2428 1160 2495; x_wconf 77' lang='lat' dir='ltr'><strong>Carere·</strong></span> <span class='ocrx_word' id='word_1_163' title='bbox 1182 2430 1280 2494; x_wconf 89' lang='lat' dir='ltr'><strong>debet</strong></span> 
     </span>
     <span class='ocr_line' id='line_1_21' title="bbox 176 2530 1279 2621; baseline -0.005 -22"><span class='ocrx_word' id='word_1_164' title='bbox 176 2536 266 2600; x_wconf 91' lang='lat' dir='ltr'><strong>omni</strong></span> <span class='ocrx_word' id='word_1_165' title='bbox 281 2536 374 2613; x_wconf 83' lang='lat' dir='ltr'><strong>uitio,</strong></span> <span class='ocrx_word' id='word_1_166' title='bbox 390 2537 450 2621; x_wconf 91' lang='lat' dir='ltr'><strong>qui</strong></span> <span class='ocrx_word' id='word_1_167' title='bbox 472 2537 508 2601; x_wconf 93' lang='lat' dir='ltr'><strong>iu</strong></span> <span class='ocrx_word' id='word_1_168' title='bbox 531 2536 669 2601; x_wconf 85' lang='lat' dir='ltr'><strong>alterurn</strong></span> <span class='ocrx_word' id='word_1_169' title='bbox 692 2546 828 2620; x_wconf 85' lang='lat' dir='ltr'><strong>paratus</strong></span> <span class='ocrx_word' id='word_1_170' title='bbox 851 2541 901 2599; x_wconf 86' lang='lat' dir='ltr'><strong>est</strong></span> <span class='ocrx_word' id='word_1_171' title='bbox 925 2534 1044 2599; x_wconf 88' lang='lat' dir='ltr'><strong>dicere.</strong></span> <span class='ocrx_word' id='word_1_172' title='bbox 1088 2530 1126 2595; x_wconf 87' lang='lat' dir='ltr'><strong>Is</strong></span> <span class='ocrx_word' id='word_1_173' title='bbox 1147 2530 1279 2595; x_wconf 87' lang='lat' dir='ltr'><strong>demum</strong></span> 
     </span>
     <span class='ocr_line' id='line_1_22' title="bbox 176 2632 1282 2723; baseline -0.003 -22"><span class='ocrx_word' id='word_1_174' title='bbox 176 2637 367 2716; x_wconf 66' lang='lat' dir='ltr'><strong>maledicit,t</strong></span> <span class='ocrx_word' id='word_1_175' title='bbox 382 2640 518 2723; x_wconf 89' lang='lat' dir='ltr'><strong>quinon</strong></span> <span class='ocrx_word' id='word_1_176' title='bbox 531 2645 643 2722; x_wconf 88' lang='lat' dir='ltr'><strong>potest</strong></span> <span class='ocrx_word' id='word_1_177' title='bbox 656 2659 769 2703; x_wconf 86' lang='lat' dir='ltr'><strong>verum</strong></span> <span class='ocrx_word' id='word_1_178' title='bbox 794 2639 836 2703; x_wconf 87' lang='lat' dir='ltr'><strong>ab</strong></span> <span class='ocrx_word' id='word_1_179' title='bbox 861 2639 964 2703; x_wconf 86' lang='lat' dir='ltr'><strong>altero</strong></span> <span class='ocrx_word' id='word_1_180' title='bbox 985 2634 1112 2700; x_wconf 88' lang='lat' dir='ltr'><strong>audire.</strong></span> <span class='ocrx_word' id='word_1_181' title='bbox 1157 2632 1223 2696; x_wconf 89' lang='lat' dir='ltr'><strong>Sed</strong></span> <span class='ocrx_word' id='word_1_182' title='bbox 1245 2638 1282 2698; x_wconf 92' lang='lat' dir='ltr'><strong>tu</strong></span> 
     </span>
     <span class='ocr_line' id='line_1_23' title="bbox 176 2736 1281 2816; baseline -0.002 -13"><span class='ocrx_word' id='word_1_183' title='bbox 176 2738 324 2803; x_wconf 89' lang='lat' dir='ltr'><strong>omnium</strong></span> <span class='ocrx_word' id='word_1_184' title='bbox 337 2760 524 2804; x_wconf 86' lang='lat' dir='ltr'><strong>mensarum</strong></span> <span class='ocrx_word' id='word_1_185' title='bbox 543 2741 685 2816; x_wconf 85' lang='lat' dir='ltr'><strong>assecla,</strong></span> <span class='ocrx_word' id='word_1_186' title='bbox 707 2740 854 2805; x_wconf 88' lang='lat' dir='ltr'><strong>omniurn</strong></span> <span class='ocrx_word' id='word_1_187' title='bbox 875 2737 1102 2803; x_wconf 87' lang='lat' dir='ltr'><strong>cubiculorum</strong></span> <span class='ocrx_word' id='word_1_188' title='bbox 1123 2736 1158 2799; x_wconf 89' lang='lat' dir='ltr'><strong>in</strong></span> <span class='ocrx_word' id='word_1_189' title='bbox 1181 2740 1281 2801; x_wconf 79' lang='lat' dir='ltr'><strong>aetate</strong></span> 
     </span>
     <span class='ocr_line' id='line_1_24' title="bbox 175 2837 1279 2925; baseline -0.002 -20"><span class='ocrx_word' id='word_1_190' title='bbox 175 2840 316 2923; x_wconf 77' lang='lat' dir='ltr'><strong>pellex,u</strong></span> <span class='ocrx_word' id='word_1_191' title='bbox 337 2847 371 2905; x_wconf 88' lang='lat' dir='ltr'><strong>et</strong></span> <span class='ocrx_word' id='word_1_192' title='bbox 387 2841 475 2905; x_wconf 88' lang='lat' dir='ltr'><strong>idem</strong></span> <span class='ocrx_word' id='word_1_193' title='bbox 489 2849 607 2925; x_wconf 87' lang='lat' dir='ltr'><strong>postea</strong></span> <span class='ocrx_word' id='word_1_194' title='bbox 619 2839 758 2919; x_wconf 82' lang='lat' dir='ltr'><strong>adulter,</strong></span> <span class='ocrx_word' id='word_1_195' title='bbox 782 2840 888 2905; x_wconf 88' lang='lat' dir='ltr'><strong>omnis</strong></span> <span class='ocrx_word' id='word_1_196' title='bbox 903 2837 1029 2905; x_wconf 87' lang='lat' dir='ltr'><strong>ordinis</strong></span> <span class='ocrx_word' id='word_1_197' title='bbox 1044 2838 1214 2923; x_wconf 86' lang='lat' dir='ltr'><strong>turpitudo</strong></span> <span class='ocrx_word' id='word_1_198' title='bbox 1229 2856 1279 2915; x_wconf 74' lang='lat' dir='ltr'><strong>ee,</strong></span> 
     </span>
     <span class='ocr_line' id='line_1_25' title="bbox 176 2940 1281 3023; baseline -0.001 -19"><span class='ocrx_word' id='word_1_199' title='bbox 176 2948 211 3005; x_wconf 92' lang='lat' dir='ltr'><strong>et</strong></span> <span class='ocrx_word' id='word_1_200' title='bbox 233 2942 342 3006; x_wconf 84' lang='lat' dir='ltr'><strong>civilis</strong></span> <span class='ocrx_word' id='word_1_201' title='bbox 367 2943 445 3007; x_wconf 87' lang='lat' dir='ltr'><strong>belli</strong></span> <span class='ocrx_word' id='word_1_202' title='bbox 467 2943 653 3007; x_wconf 70' lang='lat' dir='ltr'><strong>memoria*</strong></span> <span class='ocrx_word' id='word_1_203' title='bbox 697 2940 790 3021; x_wconf 81' lang='lat' dir='ltr'><strong>Quid</strong></span> <span class='ocrx_word' id='word_1_204' title='bbox 805 2942 893 3004; x_wconf 91' lang='lat' dir='ltr'><strong>enim</strong></span> <span class='ocrx_word' id='word_1_205' title='bbox 906 2940 970 3004; x_wconf 90' lang='lat' dir='ltr'><strong>boc</strong></span> <span class='ocrx_word' id='word_1_206' title='bbox 985 2940 1118 3021; x_wconf 74' lang='lat' dir='ltr'><strong>gratim</strong></span> <span class='ocrx_word' id='word_1_207' title='bbox 1134 2940 1204 3021; x_wconf 83' lang='lat' dir='ltr'><strong>pati</strong></span> <span class='ocrx_word' id='word_1_208' title='bbox 1218 2958 1281 3023; x_wconf 89' lang='lat' dir='ltr'><strong>po-</strong></span> 
     </span>
     <span class='ocr_line' id='line_1_26' title="bbox 176 3040 1280 3128; baseline -0.002 -21"><span class='ocrx_word' id='word_1_209' title='bbox 176 3042 311 3119; x_wconf 86' lang='lat' dir='ltr'><strong>tuimus,</strong></span> <span class='ocrx_word' id='word_1_210' title='bbox 326 3062 428 3127; x_wconf 87' lang='lat' dir='ltr'><strong>quam</strong></span> <span class='ocrx_word' id='word_1_211' title='bbox 449 3044 537 3128; x_wconf 89' lang='lat' dir='ltr'><strong>quod</strong></span> <span class='ocrx_word' id='word_1_212' title='bbox 560 3049 593 3108; x_wconf 86' lang='lat' dir='ltr'><strong>te</strong></span> <span class='ocrx_word' id='word_1_213' title='bbox 615 3044 814 3109; x_wconf 90' lang='lat' dir='ltr'><strong>incolumem</strong></span> <span class='ocrx_word' id='word_1_214' title='bbox 827 3044 862 3106; x_wconf 89' lang='lat' dir='ltr'><strong>iu</strong></span> <span class='ocrx_word' id='word_1_215' title='bbox 875 3042 938 3106; x_wconf 87' lang='lat' dir='ltr'><strong>hoc</strong></span> <span class='ocrx_word' id='word_1_216' title='bbox 954 3040 1066 3105; x_wconf 85' lang='lat' dir='ltr'><strong>ordine</strong></span> <span class='ocrx_word' id='word_1_217' title='bbox 1080 3040 1280 3106; x_wconf 79' lang='lat' dir='ltr'><strong>videamust</strong></span> 
     </span>
     <span class='ocr_line' id='line_1_27' title="bbox 177 3140 1282 3231; baseline -0.002 -22"><span class='ocrx_word' id='word_1_218' title='bbox 177 3144 305 3209; x_wconf 86' lang='lat' dir='ltr'><strong>Desine</strong></span> <span class='ocrx_word' id='word_1_219' title='bbox 336 3149 442 3211; x_wconf 90' lang='lat' dir='ltr'><strong>bonos</strong></span> <span class='ocrx_word' id='word_1_220' title='bbox 471 3144 738 3231; x_wconf 80' lang='lat' dir='ltr'><strong>petulantissima</strong></span> <span class='ocrx_word' id='word_1_221' title='bbox 772 3142 958 3209; x_wconf 87' lang='lat' dir='ltr'><strong>consectari</strong></span> <span class='ocrx_word' id='word_1_222' title='bbox 994 3142 1123 3225; x_wconf 83' lang='lat' dir='ltr'><strong>lingua:</strong></span> <span class='ocrx_word' id='word_1_223' title='bbox 1166 3140 1282 3207; x_wconf 83' lang='lat' dir='ltr'><strong>desine</strong></span> 
     </span>
     <span class='ocr_line' id='line_1_28' title="bbox 176 3241 1281 3331; baseline 0 -22"><span class='ocrx_word' id='word_1_224' title='bbox 176 3247 292 3312; x_wconf 88' lang='lat' dir='ltr'><strong>morbo</strong></span> <span class='ocrx_word' id='word_1_225' title='bbox 306 3248 520 3331; x_wconf 87' lang='lat' dir='ltr'><strong>procacitatis</strong></span> <span class='ocrx_word' id='word_1_226' title='bbox 534 3248 600 3311; x_wconf 91' lang='lat' dir='ltr'><strong>isto</strong></span> <span class='ocrx_word' id='word_1_227' title='bbox 615 3246 664 3310; x_wconf 89' lang='lat' dir='ltr'><strong>uti</strong></span> <span class='ocrx_word' id='word_1_228' title='bbox 677 3265 685 3309; x_wconf 90' lang='lat'><strong>:</strong></span> <span class='ocrx_word' id='word_1_229' title='bbox 720 3245 833 3309; x_wconf 89' lang='lat' dir='ltr'><strong>desine</strong></span> <span class='ocrx_word' id='word_1_230' title='bbox 856 3260 1118 3327; x_wconf 88' lang='lat' dir='ltr'><strong>unumquemque</strong></span> <span class='ocrx_word' id='word_1_231' title='bbox 1132 3241 1281 3309; x_wconf 81' lang='lat' dir='ltr'><strong>moribus</strong></span> 
     </span>
    </p>
   </div>
   <div class='ocr_carea' id='block_1_3' title="bbox 672 3426 780 3479">
    <p class='ocr_par' dir='ltr' id='par_1_4' title="bbox 672 3426 780 3479">
     <span class='ocr_line' id='line_1_29' title="bbox 672 3426 780 3479; baseline -0.019 0"><span class='ocrx_word' id='word_1_232' title='bbox 672 3426 780 3479; x_wconf 66' lang='grc' dir='ltr'><strong>ΝΟΜ</strong></span> 
     </span>
    </p>
   </div>
   <div class='ocr_carea' id='block_1_4' title="bbox 175 3552 1284 3923">
    <p class='ocr_par' dir='ltr' id='par_1_5' title="bbox 175 3552 1284 3923">
     <span class='ocr_line' id='line_1_30' title="bbox 210 3552 1282 3619; baseline -0.001 -15"><span class='ocrx_word' id='word_1_233' title='bbox 210 3560 222 3585; x_wconf 88' lang='lat'>⁰</span> <span class='ocrx_word' id='word_1_234' title='bbox 237 3552 364 3617; x_wconf 62' lang='lat' dir='ltr'><strong>semu]</strong></span> <span class='ocrx_word' id='word_1_235' title='bbox 389 3554 442 3605; x_wconf 80' lang='lat' dir='ltr'><strong>nlii</strong></span> <span class='ocrx_word' id='word_1_236' title='bbox 453 3555 711 3619; x_wconf 64' lang='lat' dir='ltr'><strong>nabentsoeertiss,</strong></span> <span class='ocrx_word' id='word_1_237' title='bbox 751 3557 818 3607; x_wconf 82' lang='lat' dir='ltr'><strong>rium</strong></span> <span class='ocrx_word' id='word_1_238' title='bbox 835 3554 955 3619; x_wconf 71' lang='lat' dir='ltr'><strong>agitavit,</strong></span> <span class='ocrx_word' id='word_1_239' title='bbox 975 3554 1067 3619; x_wconf 84' lang='lat' dir='ltr'><strong>ipsum,</strong></span> <span class='ocrx_word' id='word_1_240' title='bbox 1082 3554 1151 3619; x_wconf 86' lang='lat' dir='ltr'><strong>quod</strong></span> <span class='ocrx_word' id='word_1_241' title='bbox 1170 3552 1282 3603; x_wconf 69' lang='lat' dir='ltr'><strong>maxime</strong></span> 
     </span>
     <span class='ocr_line' id='line_1_31' title="bbox 178 3630 1284 3698; baseline 0 -17"><span class='ocrx_word' id='word_1_242' title='bbox 178 3630 307 3681; x_wconf 78' lang='lat' dir='ltr'><strong>Glarenno</strong></span> <span class='ocrx_word' id='word_1_243' title='bbox 325 3638 411 3691; x_wconf 81' lang='lat' dir='ltr'><strong>teste;</strong></span> <span class='ocrx_word' id='word_1_244' title='bbox 438 3647 583 3697; x_wconf 84' lang='lat' dir='ltr'><strong>quanquam</strong></span> <span class='ocrx_word' id='word_1_245' title='bbox 600 3641 629 3683; x_wconf 81' lang='lat' dir='ltr'><strong>et</strong></span> <span class='ocrx_word' id='word_1_246' title='bbox 646 3634 710 3684; x_wconf 87' lang='lat' dir='ltr'><strong>illud</strong></span> <span class='ocrx_word' id='word_1_247' title='bbox 749 3632 911 3698; x_wconf 68' lang='lat' dir='ltr'><strong>perstringit,</strong></span> <span class='ocrx_word' id='word_1_248' title='bbox 922 3631 955 3680; x_wconf 87' lang='lat' dir='ltr'><strong>de</strong></span> <span class='ocrx_word' id='word_1_249' title='bbox 967 3631 1105 3695; x_wconf 75' lang='lat' dir='ltr'><strong>imperitis,</strong></span> <span class='ocrx_word' id='word_1_250' title='bbox 1116 3638 1144 3681; x_wconf 82' lang='lat' dir='ltr'><strong>ct</strong></span> <span class='ocrx_word' id='word_1_251' title='bbox 1162 3630 1284 3695; x_wconf 77' lang='lat' dir='ltr'><strong>quedam·</strong></span> 
     </span>
     <span class='ocr_line' id='line_1_32' title="bbox 175 3706 1108 3771; baseline 0.002 -16"><span class='ocrx_word' id='word_1_252' title='bbox 175 3706 257 3756; x_wconf 81' lang='lat' dir='ltr'><strong>licere</strong></span> <span class='ocrx_word' id='word_1_253' title='bbox 277 3708 365 3756; x_wconf 78' lang='lat' dir='ltr'><strong>nrultis</strong></span> <span class='ocrx_word' id='word_1_254' title='bbox 390 3708 552 3771; x_wconf 71' lang='lat' dir='ltr'><strong>elegantibus</strong></span> <span class='ocrx_word' id='word_1_255' title='bbox 578 3718 710 3760; x_wconf 77' lang='lat' dir='ltr'><strong>auctorum</strong></span> <span class='ocrx_word' id='word_1_256' title='bbox 749 3706 1108 3759; x_wconf 82' lang='lat' dir='ltr'><strong>mododecdicicsdmcuet.</strong></span> 
     </span>
     <span class='ocr_line' id='line_1_33' title="bbox 177 3781 1281 3847; baseline 0.004 -18"><span class='ocrx_word' id='word_1_257' title='bbox 177 3782 303 3845; x_wconf 82' lang='lat' dir='ltr'><strong>exemplis</strong></span> <span class='ocrx_word' id='word_1_258' title='bbox 315 3782 430 3832; x_wconf 80' lang='lat' dir='ltr'><strong>ostendit</strong></span> <span class='ocrx_word' id='word_1_259' title='bbox 440 3784 561 3835; x_wconf 68' lang='lat' dir='ltr'><strong>Budnur.</strong></span> <span class='ocrx_word' id='word_1_260' title='bbox 782 3781 1039 3845; x_wconf 69' lang='lat' dir='ltr'><strong>‘IsdenmcrcledJ</strong></span> <span class='ocrx_word' id='word_1_261' title='bbox 1062 3782 1156 3847; x_wconf 79' lang='lat' dir='ltr'><strong>idest,</strong></span> <span class='ocrx_word' id='word_1_262' title='bbox 1169 3783 1221 3833; x_wconf 76' lang='lat' dir='ltr'><strong>tire</strong></span> <span class='ocrx_word' id='word_1_263' title='bbox 1238 3798 1281 3833; x_wconf 80' lang='lat' dir='ltr'><strong>m</strong></span> 
     </span>
     <span class='ocr_line' id='line_1_34' title="bbox 209 3858 1134 3923; baseline 0 -16"><span class='ocrx_word' id='word_1_264' title='bbox 209 3863 223 3898; x_wconf 72' lang='grc' dir='ltr'><strong>Ρ</strong></span> <span class='ocrx_word' id='word_1_265' title='bbox 234 3858 336 3921; x_wconf 73' lang='lat' dir='ltr'><strong>Hortor]</strong></span> <span class='ocrx_word' id='word_1_266' title='bbox 346 3859 399 3910; x_wconf 82' lang='lat' dir='ltr'><strong>Qui</strong></span> <span class='ocrx_word' id='word_1_267' title='bbox 410 3860 555 3909; x_wconf 81' lang='lat' dir='ltr'><strong>Sallustiani</strong></span> <span class='ocrx_word' id='word_1_268' title='bbox 566 3860 710 3911; x_wconf 76' lang='lat' dir='ltr'><strong>dictitent.</strong></span> <span class='ocrx_word' id='word_1_269' title='bbox 748 3860 891 3909; x_wconf 78' lang='lat' dir='ltr'><strong>detrimento</strong></span> <span class='ocrx_word' id='word_1_270' title='bbox 900 3859 1038 3907; x_wconf 62' lang='lat' dir='ltr'><strong>suntme</strong></span> <span class='ocrx_word' id='word_1_271' title='bbox 1047 3862 1134 3923; x_wconf 76' lang='lat' dir='ltr'><strong>petent.</strong></span> 
     </span>
    </p>
   </div>
   <div class='ocr_carea' id='block_1_5' title="bbox 209 3932 1393 4001">
    <p class='ocr_par' dir='ltr' id='par_1_6' title="bbox 209 3932 1393 4001">
     <span class='ocr_line' id='line_1_35' title="bbox 209 3932 1393 4001; baseline 0 -19"><span class='ocrx_word' id='word_1_272' title='bbox 209 3932 324 3996; x_wconf 62' lang='lat' dir='ltr'><strong>arado]</strong></span> <span class='ocrx_word' id='word_1_273' title='bbox 340 3934 710 4001; x_wconf 61' lang='lat' dir='ltr'><strong>ldesqmctcsgotmpm.</strong></span> <span class='ocrx_word' id='word_1_274' title='bbox 782 3934 906 3997; x_wconf 67' lang='lat' dir='ltr'><strong>¹¹l’etlcc]</strong></span> <span class='ocrx_word' id='word_1_275' title='bbox 938 3934 1097 3999; x_wconf 75' lang='lat' dir='ltr'><strong>Jsmrupra,</strong></span> <span class='ocrx_word' id='word_1_276' title='bbox 1113 3933 1283 3999; x_wconf 82' lang='lat' dir='ltr'><strong>quodmulie-</strong></span> <span class='ocrx_word' id='word_1_277' title='bbox 1388 3947 1393 3956; x_wconf 94' lang='grc'><strong><em>·</em></strong></span> 
     </span>
    </p>
   </div>
   <div class='ocr_carea' id='block_1_6' title="bbox 176 4010 1284 4384">
    <p class='ocr_par' dir='ltr' id='par_1_7' title="bbox 176 4010 1284 4307">
     <span class='ocr_line' id='line_1_36' title="bbox 208 4010 1185 4077; baseline 0.001 -18"><span class='ocrx_word' id='word_1_278' title='bbox 208 4017 219 4049; x_wconf 72' lang='lat'>¹</span> <span class='ocrx_word' id='word_1_279' title='bbox 234 4010 282 4060; x_wconf 77' lang='lat' dir='ltr'><strong>Bis</strong></span> <span class='ocrx_word' id='word_1_280' title='bbox 292 4011 440 4077; x_wconf 60' lang='lat' dir='ltr'><strong>Saulem</strong></span> <span class='ocrx_word' id='word_1_281' title='bbox 449 4012 547 4062; x_wconf 73' lang='lat' dir='ltr'><strong>Amara</strong></span> <span class='ocrx_word' id='word_1_282' title='bbox 557 4020 598 4063; x_wconf 79' lang='lat' dir='ltr'><strong>est</strong></span> <span class='ocrx_word' id='word_1_283' title='bbox 610 4013 711 4075; x_wconf 78' lang='lat' dir='ltr'><strong>lrririo;</strong></span> <span class='ocrx_word' id='word_1_284' title='bbox 748 4010 807 4061; x_wconf 78' lang='lat' dir='ltr'><strong>bria</strong></span> <span class='ocrx_word' id='word_1_285' title='bbox 818 4024 907 4075; x_wconf 78' lang='lat' dir='ltr'><strong>pastus</strong></span> <span class='ocrx_word' id='word_1_286' title='bbox 919 4018 997 4073; x_wconf 62' lang='lat' dir='ltr'><strong>essct</strong></span> <span class='ocrx_word' id='word_1_287' title='bbox 1007 4010 1185 4075; x_wconf 78' lang='lat' dir='ltr'><strong>exprobravit.</strong></span> 
     </span>
     <span class='ocr_line' id='line_1_37' title="bbox 176 4086 1284 4154; baseline 0.002 -17"><span class='ocrx_word' id='word_1_288' title='bbox 176 4086 298 4137; x_wconf 77' lang='lat' dir='ltr'><strong>Ssllrutic</strong></span> <span class='ocrx_word' id='word_1_289' title='bbox 309 4094 386 4138; x_wconf 77' lang='lat' dir='ltr'><strong>acute</strong></span> <span class='ocrx_word' id='word_1_290' title='bbox 397 4088 539 4152; x_wconf 73' lang='lat' dir='ltr'><strong>exprobrat</strong></span> <span class='ocrx_word' id='word_1_291' title='bbox 548 4089 618 4154; x_wconf 82' lang='lat' dir='ltr'><strong>quod</strong></span> <span class='ocrx_word' id='word_1_292' title='bbox 628 4090 708 4139; x_wconf 71' lang='lat' dir='ltr'><strong>Sena·</strong></span> <span class='ocrx_word' id='word_1_293' title='bbox 782 4096 794 4121; x_wconf 83' lang='lat'>&#39;</span> <span class='ocrx_word' id='word_1_294' title='bbox 809 4086 940 4150; x_wconf 75' lang='lat' dir='ltr'><strong>Memoris]</strong></span> <span class='ocrx_word' id='word_1_295' title='bbox 958 4088 989 4137; x_wconf 90' lang='lat' dir='ltr'><strong>ld</strong></span> <span class='ocrx_word' id='word_1_296' title='bbox 1001 4097 1053 4151; x_wconf 82' lang='lat' dir='ltr'><strong>est,</strong></span> <span class='ocrx_word' id='word_1_297' title='bbox 1062 4088 1102 4151; x_wconf 71' lang='lat' dir='ltr'><strong>qut</strong></span> <span class='ocrx_word' id='word_1_298' title='bbox 1112 4088 1191 4138; x_wconf 76' lang='lat' dir='ltr'><strong>omnic</strong></span> <span class='ocrx_word' id='word_1_299' title='bbox 1201 4088 1227 4137; x_wconf 79' lang='lat' dir='ltr'><strong>in</strong></span> <span class='ocrx_word' id='word_1_300' title='bbox 1237 4102 1284 4139; x_wconf 76' lang='lat' dir='ltr'><strong>ne·</strong></span> 
     </span>
     <span class='ocr_line' id='line_1_38' title="bbox 177 4163 1283 4230; baseline 0 -15"><span class='ocrx_word' id='word_1_301' title='bbox 177 4163 410 4225; x_wconf 75' lang='lat' dir='ltr'><strong>tumetustuerit3</strong></span> <span class='ocrx_word' id='word_1_302' title='bbox 435 4173 515 4230; x_wconf 78' lang='lat' dir='ltr'><strong>etque</strong></span> <span class='ocrx_word' id='word_1_303' title='bbox 534 4167 639 4230; x_wconf 79' lang='lat' dir='ltr'><strong>insuper</strong></span> <span class='ocrx_word' id='word_1_304' title='bbox 648 4180 709 4217; x_wconf 80' lang='lat' dir='ltr'><strong>eum</strong></span> <span class='ocrx_word' id='word_1_305' title='bbox 747 4165 847 4215; x_wconf 68' lang='lat' dir='ltr'><strong>mrim</strong></span> <span class='ocrx_word' id='word_1_306' title='bbox 864 4171 958 4214; x_wconf 76' lang='lat' dir='ltr'><strong>moret</strong></span> <span class='ocrx_word' id='word_1_307' title='bbox 977 4180 1029 4229; x_wconf 75' lang='lat' dir='ltr'><strong>qua</strong></span> <span class='ocrx_word' id='word_1_308' title='bbox 1043 4178 1090 4229; x_wconf 79' lang='lat' dir='ltr'><strong>per</strong></span> <span class='ocrx_word' id='word_1_309' title='bbox 1106 4164 1283 4215; x_wconf 58' lang='lat' dir='ltr'><strong>&amp;dindim-</strong></span> 
     </span>
     <span class='ocr_line' id='line_1_39' title="bbox 176 4240 969 4307; baseline 0 -16"><span class='ocrx_word' id='word_1_310' title='bbox 176 4241 271 4305; x_wconf 71' lang='lat' dir='ltr'><strong>srquit,</strong></span> <span class='ocrx_word' id='word_1_311' title='bbox 279 4241 353 4307; x_wconf 76' lang='lat' dir='ltr'><strong>quari</strong></span> <span class='ocrx_word' id='word_1_312' title='bbox 363 4242 423 4291; x_wconf 83' lang='lat' dir='ltr'><strong>ideo</strong></span> <span class='ocrx_word' id='word_1_313' title='bbox 433 4242 523 4304; x_wconf 77' lang='lat' dir='ltr'><strong>inepte</strong></span> <span class='ocrx_word' id='word_1_314' title='bbox 533 4242 697 4305; x_wconf 70' lang='lat' dir='ltr'><strong>gloriaretur.</strong></span> <span class='ocrx_word' id='word_1_315' title='bbox 747 4241 801 4291; x_wconf 75' lang='lat' dir='ltr'><strong>dtas</strong></span> <span class='ocrx_word' id='word_1_316' title='bbox 807 4240 872 4306; x_wconf 69' lang='lat' dir='ltr'><strong>perd</strong></span> <span class='ocrx_word' id='word_1_317' title='bbox 882 4254 969 4291; x_wconf 71' lang='lat' dir='ltr'><strong>m.</strong></span> 
     </span>
    </p>

    <p class='ocr_par' dir='ltr' id='par_1_8' title="bbox 209 4317 710 4384">
     <span class='ocr_line' id='line_1_40' title="bbox 209 4317 710 4384; baseline 0.004 -17"><span class='ocrx_word' id='word_1_318' title='bbox 209 4326 219 4352; x_wconf 82' lang='lat'>¹</span> <span class='ocrx_word' id='word_1_319' title='bbox 236 4318 335 4384; x_wconf 70' lang='lat' dir='ltr'><strong>cerere]</strong></span> <span class='ocrx_word' id='word_1_320' title='bbox 366 4318 509 4383; x_wconf 81' lang='lat' dir='ltr'><strong>Postquam</strong></span> <span class='ocrx_word' id='word_1_321' title='bbox 516 4318 580 4369; x_wconf 77' lang='lat' dir='ltr'><strong>retis</strong></span> <span class='ocrx_word' id='word_1_322' title='bbox 590 4317 710 4369; x_wconf 77' lang='lat' dir='ltr'><strong>adrema-</strong></span> 
     </span>
    </p>
   </div>
   <div class='ocr_carea' id='block_1_7' title="bbox 0 0 1550 4884">
    <p class='ocr_par' dir='ltr' id='par_1_9' title="bbox 0 0 1550 4884">
     <span class='ocr_line' id='line_1_41' title="bbox 0 0 1550 4884; baseline 0 0"><span class='ocrx_word' id='word_1_323' title='bbox 0 0 1550 4884; x_wconf 95' lang='lat' dir='ltr'><strong> </strong></span> 
     </span>
    </p>
   </div>
  </div>
 </body>
</html>
