3092 4884
239 362 297 429 *10
761 381 849 431 vrrs
917 403 941 409 -·

255 526 417 603 Sallustii,
444 524 543 608 nique
557 526 720 590 brevitate
740 526 823 591 nibil
840 527 912 591 fieri
935 546 1035 610 posse
1055 528 1244 611 perfectius,
1268 516 1356 612 prrs-

254 629 364 693 sertim
380 626 468 711 apud
482 628 607 691 vacuas
620 632 655 690 et
669 626 813 691 eruditas
825 647 932 705 aures,
945 647 1052 712 neque
1064 629 1189 693 verinis
1201 634 1253 694 est
1266 630 1356 693 idem

254 728 391 806 Fabius,
421 728 622 812 Thucydidi,
651 728 887 793 inscribenda
914 729 1068 794 Historia
1096 730 1187 813 apud
1212 728 1355 795 Graeeo's

253 830 406 915 principi,
423 829 617 893 Sallustium
631 830 743 913 ipsum
759 849 937 913 opponere,
962 831 1061 895 sicuti
1075 830 1117 895 T.
1134 831 1264 896 livium
1281 830 1354 895 lle-

241 930 389 997 ·rodoto:
421 952 489 1017 qno
513 932 637 997 factum
662 938 724 1010 est,
750 938 879 997 etcum
902 934 1012 1016 plures
1034 934 1196 998 voluerint
1224 928 1354 997 dicandi

251 1052 353 1117 genus
373 1033 608 1099 Sallustianum
631 1036 738 1117 sequi,
762 1034 895 1098 minime
915 1036 981 1098 sint
1003 1037 1168 1099 assecuti:
1191 1039 1244 1097 est
1265 1035 1353 1098 enim

251 1135 324 1219 ejus
338 1136 444 1203 oratio
458 1142 526 1203 tam
541 1135 705 1210 absoluta,
720 1142 788 1199 tam
803 1142 907 1212 casta,
923 1140 988 1199 tarn
1003 1136 1173 1212 innocens,
1185 1142 1222 1199 ut
1234 1136 1353 1201 merito

250 1238 295 1301 ab
310 1237 446 1301 eruditis
461 1237 574 1301 divina
583 1238 727 1301 brevitas
744 1241 938 1316 censeatur3
953 1256 1028 1301 nam
1043 1235 1278 1315 etArruntins,
1293 1238 1353 1321 qui

250 1338 329 1405 belli
344 1338 467 1403 Punici
492 1337 679 1401 Historiam
694 1339 840 1422 scripsit,
863 1338 1022 1402 Sallustio
1037 1335 1162 1403 tantm
1175 1341 1351 1417 concessit,

242 1446 289 1505 ut
312 1442 384 1526 ejus
409 1442 588 1505 orationem
613 1441 761 1505 maximo
783 1438 896 1504 studio
918 1445 1130 1523 sequeretur:
1159 1438 1249 1523 quod
1270 1441 1352 1506 alibi

250 1542 408 1609 diximus.
452 1542 528 1608 Nec
541 1541 623 1607 illud
638 1544 815 1625 ignoratur,
824 1543 1039 1606 consuevisse
1054 1540 1249 1606 Sallustium
1262 1560 1352 1626 mag·

240 1664 292 1710 -no
306 1644 419 1709 labore
433 1664 474 1707 ac
489 1643 599 1708 studio
614 1643 767 1719 scribere,
793 1648 831 1707 ut
843 1644 923 1707 nibil
947 1662 1011 1707 non
1025 1644 1227 1720 absolutum,
1249 1650 1350 1727 atque

239 1746 431 1831 perfectum
445 1744 550 1811 videri
565 1748 689 1828 posset,
713 1744 806 1827 quod
829 1764 875 1808 ex
897 1744 975 1828 ipsa
992 1744 1134 1810 lectione
1148 1744 1247 1809 facile
1259 1746 1353 1810 colli·
1403 1758 1409 1767 ·

239 1848 345 1931 gitur.
378 1844 517 1911 Amicos
531 1846 692 1929 inprimis
706 1846 865 1923 doctrina,
880 1853 914 1910 et
928 1846 1058 1928 ingenio
1070 1847 1211 1924 nobiles,
1225 1848 1351 1923 babuit,

250 1947 490 2017 utCumelium
512 1948 691 2031 Nepotem,
717 1947 913 2026 Messalam,
935 1953 969 2013 et
986 1947 1161 2030 Nigidium
1183 1947 1350 2031 Figulum,

249 2051 308 2134 qui
325 2052 466 2134 periisse
480 2052 515 2115 in
538 2051 642 2115 exilio
664 2050 824 2131 traditur3
845 2050 975 2115 Julinm
998 2056 1160 2134 praeterea
1185 2049 1351 2115 Caesarem

238 2172 370 2235 -magno
393 2153 504 2217 studio
528 2152 659 2229 dilexit,
677 2157 795 2236 ‘aquo
816 2152 929 2231 etiem,
954 2160 991 2217 ut
1013 2152 1166 2230 creditur,
1194 2152 1352 2235 dignitate

239 2253 454 2338 -praefecturae
476 2254 668 2320 honestatus
682 2259 741 2317 est.
786 2254 877 2320 illud
899 2256 978 2320 item
991 2274 1013 2319 a
1027 2255 1191 2319 Suetonio
1204 2254 1351 2331 retertur,

250 2354 409 2421 haeum
430 2358 690 2439 grammaticum,
721 2356 876 2441 Pompeii
900 2358 1063 2435 libertum,
1088 2358 1213 2423 satiras
1236 2362 1354 2421 contra

249 2456 444 2525 Sallustium
466 2459 704 2543 composuisse,
727 2478 871 2546 eumque
883 2460 1033 2525 mordaci
1058 2465 1093 2524 et
1106 2460 1267 2524 virulento
1281 2478 1352 2523 oar·

248 2562 335 2625 mine
355 2561 535 2638 lacerasse,
558 2565 596 2625 ut
617 2562 673 2645 qni
696 2562 865 2626 lurconem
887 2564 992 2640 illurn,
1017 2562 1296 2646 popinonemque,
1319 2564 1352 2625 et

247 2661 452 2740 nebulonem,
477 2680 518 2726 ao
540 2662 724 2727 lastanrum
746 2664 932 2747 appellarit,
961 2670 1030 2728 tum
1053 2666 1124 2729 vita
1149 2664 1351 2748 scriptisqrm

246 2770 476 2841 monstrosum,
501 2782 541 2827 ac
567 2762 617 2828 Μ.
641 2762 778 2829 Catonis
802 2767 976 2830 verborum
999 2765 1108 2829 furem
1130 2764 1351 2831 ineruditissi-

247 2883 359 2930 mum:
382 2864 472 2948 quod
496 2866 606 2949 ipsum
621 2885 687 2931 non
702 2866 769 2931 alia
783 2868 910 2931 ratione
925 2886 949 2931 a
961 2866 1086 2932 lenam
1106 2866 1232 2931 factum
1246 2866 1352 2931 credi·

248 2972 312 3047 tur,
336 2986 435 3051 quam
462 2971 499 3031 ut
520 2967 666 3032 studium
681 2988 788 3045 suum,
812 2976 914 3051 atque
927 2968 1070 3033 officium
1083 2988 1164 3051 erga
1175 2974 1350 3052 monum

249 3067 446 3154 Pompeium
469 3070 640 3153 probaret:
664 3089 761 3152 quern
777 3071 884 3133 virum
911 3070 1088 3136 Sallustius
1108 3091 1165 3136 ore
1185 3071 1351 3153 improbo,

247 3172 359 3236 animo
374 3177 486 3235 autem
506 3170 728 3234 inverecundo
752 3190 828 3234 esse
851 3171 1040 3254 scripserat.
1084 3173 1206 3256 ltaque
1230 3175 1351 3238 miran-

248 3270 326 3337 dum
340 3278 477 3351 nonest,
501 3274 531 3337 si
546 3278 612 3337 tam
628 3273 758 3350 acerbe,
783 3279 883 3356 atque
904 3274 1038 3339 satirice
1056 3275 1194 3340 libertus
1208 3275 1351 3341 Ienoeus

240 3379 364 3439 contm
390 3370 585 3437 Sallustium
614 3374 720 3437 aciem
749 3374 827 3458 styli
854 3377 1000 3440 exacuit.
1067 3375 1240 3455 Quantum
1268 3377 1350 3454 odii,

248 3479 349 3559 atque
378 3476 561 3540 inimicitiae
588 3474 671 3538 inter
702 3474 790 3540 hunc
822 3483 856 3541 et
883 3477 934 3542 Μ.
963 3477 1160 3544 Ciceronem
1196 3480 1352 3557 extiterit,

236 3578 455 3643 notissimum
476 3582 543 3642 est:
567 3576 656 3659 quod
679 3578 847 3661 utriusque
868 3576 1048 3660 violentae‚'
1060 3588 1161 3663 atque
1178 3581 1349 3647 acenirnoe

245 3679 411 3743 orationes
427 3679 473 3742 ita
493 3678 726 3759 demonstrant,
749 3688 787 3744 ut
800 3687 913 3745 neuter
929 3682 1032 3749 videri
1055 3684 1163 3766 possit
1183 3685 1349 3749 satissni

245 3780 406 3845 rationem
431 3780 595 3859 babuisse,
620 3782 699 3845 dum
718 3784 811 3846 alteri
825 3784 1046 3851 malediceret.
1091 3783 1170 3863 Qua
1183 3788 1218 3848 in
1232 3805 1268 3849 re
1281 3806 1349 3851 non

246 3889 323 3946 sunt
344 3883 448 3947 multa
472 3882 648 3958 reserenda,
673 3902 749 3947 cum
773 3903 818 3948 ex
842 3886 1051 3972 Hieronymi,
1075 3907 1116 3951 ac
1142 3888 1242 3951 Fabii
1271 3909 1350 3953 auc·

244 3984 374 4050 toritatc
390 3990 527 4060 constet,
550 4002 610 4047 eos
624 3985 771 4048 homines
792 3986 888 4067 longe
903 3991 1086 4066 aberrasse,
1114 3994 1173 4071 (lui
1189 3990 1350 4055 confictas

244 4087 352 4169 magis
366 4086 529 4150 orationes
543 4088 588 4151 ab
603 4088 688 4164 aliis,
709 4108 810 4171 qnam
825 4109 847 4152 a
860 4090 1017 4156 Sallustio
1031 4098 1065 4155 et
1078 4091 1238 4157 Cicerone
1256 4093 1349 4157 babi-

246 4192 301 4253 tas
314 4186 520 4255 crediderint.
565 4188 610 4276 Et
624 4208 704 4255 sane
726 4196 796 4257 tam
816 4194 981 4277 cormptis
993 4196 1142 4260 moribus
1156 4194 1349 4273 Sallustius,
