<?xml version="1.0" encoding="UTF-8"?>
<!DOCTYPE html PUBLIC "-//W3C//DTD XHTML 1.0 Transitional//EN"
    "http://www.w3.org/TR/xhtml1/DTD/xhtml1-transitional.dtd">
<html xmlns="http://www.w3.org/1999/xhtml" xml:lang="en" lang="en">
 <head>
  <title>
</title>
<meta http-equiv="Content-Type" content="text/html;charset=utf-8" />
  <meta name='ocr-system' content='tesseract 3.04.00' />
  <meta name='ocr-capabilities' content='ocr_page ocr_carea ocr_par ocr_line ocrx_word'/>
</head>
<body>
  <div class='ocr_page' id='page_1' title='image "./ccrispisallusti02sallgoog_0043.png"; bbox 0 0 3092 4884; ppageno 0'>
   <div class='ocr_carea' id='block_1_1' title="bbox 660 438 1427 506">
    <p class='ocr_par' dir='ltr' id='par_1_1' title="bbox 660 438 1427 506">
     <span class='ocr_line' id='line_1_1' title="bbox 660 438 1427 506; baseline -0.016 -5"><span class='ocrx_word' id='word_1_1' title='bbox 660 452 872 501; x_wconf 75' lang='lat' dir='ltr'><strong>sauuusrrr.</strong></span> <span class='ocrx_word' id='word_1_2' title='bbox 1270 438 1315 506; x_wconf 70' lang='lat'><strong>27</strong></span> <span class='ocrx_word' id='word_1_3' title='bbox 1423 440 1427 448; x_wconf 78' lang='grc'><em>“</em></span> 
     </span>
    </p>
   </div>
   <div class='ocr_carea' id='block_1_2' title="bbox 209 599 1379 2730">
    <p class='ocr_par' dir='ltr' id='par_1_2' title="bbox 212 599 1314 1911">
     <span class='ocr_line' id='line_1_2' title="bbox 219 599 1313 687; baseline 0.007 -22"><span class='ocrx_word' id='word_1_4' title='bbox 219 599 387 681; x_wconf 88' lang='lat' dir='ltr'><strong>Veterum,</strong></span> <span class='ocrx_word' id='word_1_5' title='bbox 416 604 448 668; x_wconf 86' lang='lat' dir='ltr'><strong>ei</strong></span> <span class='ocrx_word' id='word_1_6' title='bbox 475 609 677 687; x_wconf 87' lang='lat' dir='ltr'><strong>pepererunt.</strong></span> <span class='ocrx_word' id='word_1_7' title='bbox 737 604 812 671; x_wconf 90' lang='lat' dir='ltr'><strong>Nec</strong></span> <span class='ocrx_word' id='word_1_8' title='bbox 840 606 1033 672; x_wconf 82' lang='lat' dir='ltr'><strong>brevitatem</strong></span> <span class='ocrx_word' id='word_1_9' title='bbox 1062 625 1103 672; x_wconf 85' lang='lat' dir='ltr'><strong>ac</strong></span> <span class='ocrx_word' id='word_1_10' title='bbox 1131 608 1313 673; x_wconf 82' lang='lat' dir='ltr'><strong>efficaciam</strong></span> 
     </span>
     <span class='ocr_line' id='line_1_3' title="bbox 217 704 1314 787; baseline 0.005 -20"><span class='ocrx_word' id='word_1_11' title='bbox 217 704 414 787; x_wconf 75' lang='lat' dir='ltr'><strong>singrrlarem</strong></span> <span class='ocrx_word' id='word_1_12' title='bbox 438 704 592 769; x_wconf 88' lang='lat' dir='ltr'><strong>dictionis</strong></span> <span class='ocrx_word' id='word_1_13' title='bbox 617 706 778 771; x_wconf 75' lang='lat' dir='ltr'><strong>duntaxat</strong></span> <span class='ocrx_word' id='word_1_14' title='bbox 798 706 944 784; x_wconf 88' lang='lat' dir='ltr'><strong>laudant,</strong></span> <span class='ocrx_word' id='word_1_15' title='bbox 967 706 1027 770; x_wconf 90' lang='lat' dir='ltr'><strong>sed</strong></span> <span class='ocrx_word' id='word_1_16' title='bbox 1050 709 1150 772; x_wconf 87' lang='lat' dir='ltr'><strong>etiam</strong></span> <span class='ocrx_word' id='word_1_17' title='bbox 1164 709 1314 773; x_wconf 84' lang='lat' dir='ltr'><strong>veritatis</strong></span> 
     </span>
     <span class='ocr_line' id='line_1_4' title="bbox 216 805 1313 893; baseline 0.005 -25"><span class='ocrx_word' id='word_1_18' title='bbox 216 805 379 885; x_wconf 82' lang='lat' dir='ltr'><strong>studium3</strong></span> <span class='ocrx_word' id='word_1_19' title='bbox 402 805 492 889; x_wconf 90' lang='lat' dir='ltr'><strong>quod</strong></span> <span class='ocrx_word' id='word_1_20' title='bbox 516 806 564 870; x_wconf 88' lang='lat' dir='ltr'><strong>ita</strong></span> <span class='ocrx_word' id='word_1_21' title='bbox 588 806 843 889; x_wconf 82' lang='lat' dir='ltr'><strong>intelligendum,</strong></span> <span class='ocrx_word' id='word_1_22' title='bbox 858 812 895 872; x_wconf 92' lang='lat' dir='ltr'><strong>ut</strong></span> <span class='ocrx_word' id='word_1_23' title='bbox 918 808 960 872; x_wconf 91' lang='lat' dir='ltr'><strong>de</strong></span> <span class='ocrx_word' id='word_1_24' title='bbox 985 808 1061 872; x_wconf 86' lang='lat' dir='ltr'><strong>aliis</strong></span> <span class='ocrx_word' id='word_1_25' title='bbox 1072 810 1217 893; x_wconf 89' lang='lat' dir='ltr'><strong>loquenti</strong></span> <span class='ocrx_word' id='word_1_26' title='bbox 1230 810 1313 874; x_wconf 80' lang='lat' dir='ltr'><strong>tides</strong></span> 
     </span>
     <span class='ocr_line' id='line_1_5' title="bbox 216 904 1313 995; baseline 0.007 -26"><span class='ocrx_word' id='word_1_27' title='bbox 216 904 385 985; x_wconf 77' lang='lat' dir='ltr'><strong>habeatur,</strong></span> <span class='ocrx_word' id='word_1_28' title='bbox 401 908 442 972; x_wconf 92' lang='lat' dir='ltr'><strong>de</strong></span> <span class='ocrx_word' id='word_1_29' title='bbox 457 929 493 973; x_wconf 89' lang='lat' dir='ltr'><strong>se</strong></span> <span class='ocrx_word' id='word_1_30' title='bbox 507 910 573 992; x_wconf 88' lang='lat' dir='ltr'><strong>ipsi</strong></span> <span class='ocrx_word' id='word_1_31' title='bbox 586 909 668 972; x_wconf 90' lang='lat' dir='ltr'><strong>nihil</strong></span> <span class='ocrx_word' id='word_1_32' title='bbox 683 909 832 975; x_wconf 84' lang='lat' dir='ltr'><strong>credatur</strong></span> <span class='ocrx_word' id='word_1_33' title='bbox 845 911 908 974; x_wconf 90' lang='lat' dir='ltr'><strong>nisi</strong></span> <span class='ocrx_word' id='word_1_34' title='bbox 924 910 1013 994; x_wconf 89' lang='lat' dir='ltr'><strong>qnod</strong></span> <span class='ocrx_word' id='word_1_35' title='bbox 1029 913 1149 995; x_wconf 86' lang='lat' dir='ltr'><strong>reipsa</strong></span> <span class='ocrx_word' id='word_1_36' title='bbox 1162 931 1313 995; x_wconf 87' lang='lat' dir='ltr'><strong>compro·</strong></span> 
     </span>
     <span class='ocr_line' id='line_1_6' title="bbox 216 1008 1312 1097; baseline 0.004 -24"><span class='ocrx_word' id='word_1_37' title='bbox 216 1008 328 1073; x_wconf 87' lang='lat' dir='ltr'><strong>batum</strong></span> <span class='ocrx_word' id='word_1_38' title='bbox 358 1014 418 1077; x_wconf 84' lang='lat' dir='ltr'><strong>est</strong></span> <span class='ocrx_word' id='word_1_39' title='bbox 476 1010 591 1076; x_wconf 80' lang='lat' dir='ltr'><strong>Facile</strong></span> <span class='ocrx_word' id='word_1_40' title='bbox 619 1012 732 1089; x_wconf 90' lang='lat' dir='ltr'><strong>credo,</strong></span> <span class='ocrx_word' id='word_1_41' title='bbox 760 1031 837 1076; x_wconf 88' lang='lat' dir='ltr'><strong>curn</strong></span> <span class='ocrx_word' id='word_1_42' title='bbox 866 1030 904 1075; x_wconf 83' lang='lat' dir='ltr'><strong>se</strong></span> <span class='ocrx_word' id='word_1_43' title='bbox 936 1010 1150 1097; x_wconf 72' lang='lat' dir='ltr'><strong>Reipublicae</strong></span> <span class='ocrx_word' id='word_1_44' title='bbox 1178 1014 1312 1097; x_wconf 81' lang='lat' dir='ltr'><strong>longum</strong></span> 
     </span>
     <span class='ocr_line' id='line_1_7' title="bbox 215 1110 1311 1199; baseline 0.005 -26"><span class='ocrx_word' id='word_1_45' title='bbox 215 1110 416 1177; x_wconf 82' lang='lat' dir='ltr'><strong>valedixisse</strong></span> <span class='ocrx_word' id='word_1_46' title='bbox 431 1118 570 1198; x_wconf 85' lang='lat' dir='ltr'><strong>putaret,</strong></span> <span class='ocrx_word' id='word_1_47' title='bbox 595 1113 803 1179; x_wconf 88' lang='lat' dir='ltr'><strong>‘Consilium</strong></span> <span class='ocrx_word' id='word_1_48' title='bbox 820 1116 850 1179; x_wconf 93' lang='lat' dir='ltr'><strong>ei</strong></span> <span class='ocrx_word' id='word_1_49' title='bbox 864 1134 930 1179; x_wconf 94' lang='lat' dir='ltr'><strong>non</strong></span> <span class='ocrx_word' id='word_1_50' title='bbox 943 1113 1069 1193; x_wconf 80' lang='lat' dir='ltr'><strong>inisse,&#39;</strong></span> <span class='ocrx_word' id='word_1_51' title='bbox 1081 1122 1118 1180; x_wconf 90' lang='lat' dir='ltr'><strong>nt</strong></span> <span class='ocrx_word' id='word_1_52' title='bbox 1131 1117 1205 1199; x_wconf 88' lang='lat' dir='ltr'><strong>ipse</strong></span> <span class='ocrx_word' id='word_1_53' title='bbox 1217 1115 1311 1194; x_wconf 89' lang='lat' dir='ltr'><strong>dicit,</strong></span> 
     </span>
     <span class='ocr_line' id='line_1_8' title="bbox 216 1214 1311 1299; baseline 0.005 -24"><span class='ocrx_word' id='word_1_54' title='bbox 216 1214 392 1278; x_wconf 87' lang='lat' dir='ltr'><strong>‘socordia</strong></span> <span class='ocrx_word' id='word_1_55' title='bbox 405 1221 503 1299; x_wconf 85' lang='lat' dir='ltr'><strong>atque</strong></span> <span class='ocrx_word' id='word_1_56' title='bbox 514 1217 643 1281; x_wconf 83' lang='lat' dir='ltr'><strong>desidia</strong></span> <span class='ocrx_word' id='word_1_57' title='bbox 657 1218 784 1281; x_wconf 87' lang='lat' dir='ltr'><strong>bonum</strong></span> <span class='ocrx_word' id='word_1_58' title='bbox 796 1216 900 1279; x_wconf 90' lang='lat' dir='ltr'><strong>otium</strong></span> <span class='ocrx_word' id='word_1_59' title='bbox 915 1221 1094 1293; x_wconf 87' lang='lat' dir='ltr'><strong>conterere,</strong></span> <span class='ocrx_word' id='word_1_60' title='bbox 1103 1235 1210 1299; x_wconf 87' lang='lat' dir='ltr'><strong>neque</strong></span> <span class='ocrx_word' id='word_1_61' title='bbox 1219 1236 1311 1294; x_wconf 80' lang='lat' dir='ltr'><strong>vero,</strong></span> 
     </span>
     <span class='ocr_line' id='line_1_9' title="bbox 214 1317 1312 1397; baseline 0.006 -18"><span class='ocrx_word' id='word_1_62' title='bbox 214 1331 328 1397; x_wconf 81' lang='lat' dir='ltr'><strong>agrum</strong></span> <span class='ocrx_word' id='word_1_63' title='bbox 343 1317 481 1383; x_wconf 90' lang='lat' dir='ltr'><strong>colendo</strong></span> <span class='ocrx_word' id='word_1_64' title='bbox 496 1337 537 1383; x_wconf 83' lang='lat' dir='ltr'><strong>ac</strong></span> <span class='ocrx_word' id='word_1_65' title='bbox 553 1318 712 1396; x_wconf 86' lang='lat' dir='ltr'><strong>venando,</strong></span> <span class='ocrx_word' id='word_1_66' title='bbox 729 1318 904 1383; x_wconf 85' lang='lat' dir='ltr'><strong>servilibus</strong></span> <span class='ocrx_word' id='word_1_67' title='bbox 918 1317 1034 1381; x_wconf 88' lang='lat' dir='ltr'><strong>officiis</strong></span> <span class='ocrx_word' id='word_1_68' title='bbox 1047 1318 1214 1396; x_wconf 88' lang='lat' dir='ltr'><strong>intentum,</strong></span> <span class='ocrx_word' id='word_1_69' title='bbox 1230 1325 1312 1386; x_wconf 81' lang='lat' dir='ltr'><strong>aeta·</strong></span> 
     </span>
     <span class='ocr_line' id='line_1_10' title="bbox 214 1419 1312 1505; baseline 0 -22"><span class='ocrx_word' id='word_1_70' title='bbox 214 1424 279 1484; x_wconf 89' lang='lat' dir='ltr'><strong>tem</strong></span> <span class='ocrx_word' id='word_1_71' title='bbox 292 1419 437 1501; x_wconf 83' lang='lat' dir='ltr'><strong>egisse,&#39;¹</strong></span> <span class='ocrx_word' id='word_1_72' title='bbox 462 1420 522 1484; x_wconf 89' lang='lat' dir='ltr'><strong>sed</strong></span> <span class='ocrx_word' id='word_1_73' title='bbox 546 1420 787 1485; x_wconf 87' lang='lat' dir='ltr'><strong>honestioribus</strong></span> <span class='ocrx_word' id='word_1_74' title='bbox 807 1419 926 1484; x_wconf 87' lang='lat' dir='ltr'><strong>studiis</strong></span> <span class='ocrx_word' id='word_1_75' title='bbox 940 1425 973 1484; x_wconf 88' lang='lat' dir='ltr'><strong>et</strong></span> <span class='ocrx_word' id='word_1_76' title='bbox 987 1419 1221 1505; x_wconf 84' lang='lat' dir='ltr'><strong>scriptionibus</strong></span> <span class='ocrx_word' id='word_1_77' title='bbox 1232 1438 1312 1504; x_wconf 86' lang='lat' dir='ltr'><strong>ope·</strong></span> 
     </span>
     <span class='ocr_line' id='line_1_11' title="bbox 213 1520 1311 1610; baseline -0.001 -23"><span class='ocrx_word' id='word_1_78' title='bbox 213 1542 283 1587; x_wconf 80' lang='lat' dir='ltr'><strong>ram</strong></span> <span class='ocrx_word' id='word_1_79' title='bbox 309 1521 453 1588; x_wconf 88' lang='lat' dir='ltr'><strong>dedisse.</strong></span> <span class='ocrx_word' id='word_1_80' title='bbox 499 1520 547 1589; x_wconf 82' lang='lat' dir='ltr'><strong>At</strong></span> <span class='ocrx_word' id='word_1_81' title='bbox 570 1541 632 1587; x_wconf 92' lang='lat' dir='ltr'><strong>nec</strong></span> <span class='ocrx_word' id='word_1_82' title='bbox 656 1522 795 1610; x_wconf 85' lang='lat' dir='ltr'><strong>oblitum</strong></span> <span class='ocrx_word' id='word_1_83' title='bbox 820 1521 1014 1586; x_wconf 87' lang='lat' dir='ltr'><strong>deliciarum</strong></span> <span class='ocrx_word' id='word_1_84' title='bbox 1040 1540 1080 1585; x_wconf 83' lang='lat' dir='ltr'><strong>ac</strong></span> <span class='ocrx_word' id='word_1_85' title='bbox 1102 1521 1311 1605; x_wconf 79' lang='lat' dir='ltr'><strong>roluptatnm</strong></span> 
     </span>
     <span class='ocr_line' id='line_1_12' title="bbox 213 1616 1310 1709; baseline 0 -22"><span class='ocrx_word' id='word_1_86' title='bbox 213 1626 344 1708; x_wconf 89' lang='lat' dir='ltr'><strong>opinor;</strong></span> <span class='ocrx_word' id='word_1_87' title='bbox 367 1626 485 1709; x_wconf 86' lang='lat' dir='ltr'><strong>quibus</strong></span> <span class='ocrx_word' id='word_1_88' title='bbox 499 1631 532 1690; x_wconf 89' lang='lat' dir='ltr'><strong>ct</strong></span> <span class='ocrx_word' id='word_1_89' title='bbox 545 1643 628 1708; x_wconf 86' lang='lat' dir='ltr'><strong>puer</strong></span> <span class='ocrx_word' id='word_1_90' title='bbox 641 1628 674 1687; x_wconf 87' lang='lat' dir='ltr'><strong>et</strong></span> <span class='ocrx_word' id='word_1_91' title='bbox 687 1616 882 1687; x_wconf 73' lang='lat' dir='ltr'><strong>adolescens</strong></span> <span class='ocrx_word' id='word_1_92' title='bbox 896 1627 930 1686; x_wconf 88' lang='lat' dir='ltr'><strong>et</strong></span> <span class='ocrx_word' id='word_1_93' title='bbox 941 1641 1052 1698; x_wconf 83' lang='lat' dir='ltr'><strong>senex,</strong></span> <span class='ocrx_word' id='word_1_94' title='bbox 1076 1621 1173 1704; x_wconf 81' lang='lat' dir='ltr'><strong>quasi</strong></span> <span class='ocrx_word' id='word_1_95' title='bbox 1188 1621 1310 1687; x_wconf 86' lang='lat' dir='ltr'><strong>Sireni-</strong></span> 
     </span>
     <span class='ocr_line' id='line_1_13' title="bbox 212 1722 1312 1810; baseline -0.001 -22"><span class='ocrx_word' id='word_1_96' title='bbox 212 1726 275 1789; x_wconf 91' lang='lat' dir='ltr'><strong>bus</strong></span> <span class='ocrx_word' id='word_1_97' title='bbox 304 1726 516 1810; x_wconf 86' lang='lat' dir='ltr'><strong>quibusdam,</strong></span> <span class='ocrx_word' id='word_1_98' title='bbox 545 1724 704 1804; x_wconf 78' lang='lat' dir='ltr'><strong>adhoesit3</strong></span> <span class='ocrx_word' id='word_1_99' title='bbox 737 1742 810 1798; x_wconf 90' lang='lat' dir='ltr'><strong>nec,</strong></span> <span class='ocrx_word' id='word_1_100' title='bbox 836 1728 875 1789; x_wconf 92' lang='lat' dir='ltr'><strong>ut</strong></span> <span class='ocrx_word' id='word_1_101' title='bbox 900 1728 994 1807; x_wconf 89' lang='lat' dir='ltr'><strong>puto,</strong></span> <span class='ocrx_word' id='word_1_102' title='bbox 1020 1722 1099 1787; x_wconf 89' lang='lat' dir='ltr'><strong>dnm</strong></span> <span class='ocrx_word' id='word_1_103' title='bbox 1129 1722 1312 1801; x_wconf 84' lang='lat' dir='ltr'><strong>Historias,</strong></span> 
     </span>
     <span class='ocr_line' id='line_1_14' title="bbox 212 1823 1016 1911; baseline -0.006 -20"><span class='ocrx_word' id='word_1_104' title='bbox 212 1828 346 1893; x_wconf 85' lang='lat' dir='ltr'><strong>florente</strong></span> <span class='ocrx_word' id='word_1_105' title='bbox 362 1834 471 1907; x_wconf 73' lang='lat' dir='ltr'><strong>aetate,</strong></span> <span class='ocrx_word' id='word_1_106' title='bbox 485 1826 696 1911; x_wconf 81' lang='lat' dir='ltr'><strong>scriptitaret,</strong></span> <span class='ocrx_word' id='word_1_107' title='bbox 710 1823 867 1889; x_wconf 89' lang='lat' dir='ltr'><strong>nuncium</strong></span> <span class='ocrx_word' id='word_1_108' title='bbox 880 1825 1016 1888; x_wconf 89' lang='lat' dir='ltr'><strong>remisit.</strong></span> 
     </span>
    </p>

    <p class='ocr_par' dir='ltr' id='par_1_3' title="bbox 209 1924 1379 2730">
     <span class='ocr_line' id='line_1_15' title="bbox 256 1924 1309 2016; baseline -0.005 -21"><span class='ocrx_word' id='word_1_109' title='bbox 256 1931 349 1997; x_wconf 90' lang='lat' dir='ltr'><strong>ldem</strong></span> <span class='ocrx_word' id='word_1_110' title='bbox 371 1932 463 2010; x_wconf 85' lang='lat' dir='ltr'><strong>iecit,</strong></span> <span class='ocrx_word' id='word_1_111' title='bbox 485 1930 574 2016; x_wconf 87' lang='lat' dir='ltr'><strong>quod</strong></span> <span class='ocrx_word' id='word_1_112' title='bbox 598 1930 750 2013; x_wconf 86' lang='lat' dir='ltr'><strong>plerique</strong></span> <span class='ocrx_word' id='word_1_113' title='bbox 775 1925 1066 2009; x_wconf 83' lang='lat' dir='ltr'><strong>Philosophorum,</strong></span> <span class='ocrx_word' id='word_1_114' title='bbox 1097 1924 1309 1990; x_wconf 88' lang='lat' dir='ltr'><strong>‘disertorum</strong></span> 
     </span>
     <span class='ocr_line' id='line_1_16' title="bbox 211 2025 1310 2116; baseline -0.007 -17"><span class='ocrx_word' id='word_1_115' title='bbox 211 2036 244 2099; x_wconf 91' lang='lat' dir='ltr'><strong>in</strong></span> <span class='ocrx_word' id='word_1_116' title='bbox 259 2036 448 2100; x_wconf 89' lang='lat' dir='ltr'><strong>convicium</strong></span> <span class='ocrx_word' id='word_1_117' title='bbox 463 2054 571 2111; x_wconf 87' lang='lat' dir='ltr'><strong>suum,</strong></span> <span class='ocrx_word' id='word_1_118' title='bbox 586 2050 671 2116; x_wconf 86' lang='lat' dir='ltr'><strong>qnos</strong></span> <span class='ocrx_word' id='word_1_119' title='bbox 693 2030 723 2095; x_wconf 87' lang='lat' dir='ltr'><strong>si</strong></span> <span class='ocrx_word' id='word_1_120' title='bbox 748 2028 866 2095; x_wconf 84' lang='lat' dir='ltr'><strong>audias</strong></span> <span class='ocrx_word' id='word_1_121' title='bbox 887 2028 922 2091; x_wconf 94' lang='lat' dir='ltr'><strong>in</strong></span> <span class='ocrx_word' id='word_1_122' title='bbox 946 2028 1129 2104; x_wconf 85' lang='lat' dir='ltr'><strong>avaritiam,</strong></span> <span class='ocrx_word' id='word_1_123' title='bbox 1143 2028 1179 2092; x_wconf 94' lang='lat' dir='ltr'><strong>in</strong></span> <span class='ocrx_word' id='word_1_124' title='bbox 1199 2025 1310 2091; x_wconf 88' lang='lat' dir='ltr'><strong>libidi-</strong></span> 
     </span>
     <span class='ocr_line' id='line_1_17' title="bbox 209 2129 1309 2216; baseline -0.005 -17"><span class='ocrx_word' id='word_1_125' title='bbox 209 2156 296 2215; x_wconf 90' lang='lat' dir='ltr'><strong>nem,</strong></span> <span class='ocrx_word' id='word_1_126' title='bbox 311 2138 346 2202; x_wconf 95' lang='lat' dir='ltr'><strong>in</strong></span> <span class='ocrx_word' id='word_1_127' title='bbox 368 2136 578 2200; x_wconf 81' lang='lat' dir='ltr'><strong>ambitionem</strong></span> <span class='ocrx_word' id='word_1_128' title='bbox 604 2137 805 2216; x_wconf 86' lang='lat' dir='ltr'><strong>perorantes,</strong></span> <span class='ocrx_word' id='word_1_129' title='bbox 826 2129 983 2207; x_wconf 87' lang='lat' dir='ltr'><strong>indicium</strong></span> <span class='ocrx_word' id='word_1_130' title='bbox 1005 2129 1174 2212; x_wconf 82' lang='lat' dir='ltr'><strong>professos</strong></span> <span class='ocrx_word' id='word_1_131' title='bbox 1197 2135 1309 2214; x_wconf 84' lang='lat' dir='ltr'><strong>putes,</strong></span> 
     </span>
     <span class='ocr_line' id='line_1_18' title="bbox 211 2230 1309 2319; baseline -0.006 -18"><span class='ocrx_word' id='word_1_132' title='bbox 211 2238 297 2303; x_wconf 86' lang='lat' dir='ltr'><strong>adeo</strong></span> <span class='ocrx_word' id='word_1_133' title='bbox 325 2238 504 2303; x_wconf 81' lang='lat' dir='ltr'><strong>redundant</strong></span> <span class='ocrx_word' id='word_1_134' title='bbox 528 2235 572 2300; x_wconf 82' lang='lat' dir='ltr'><strong>ad</strong></span> <span class='ocrx_word' id='word_1_135' title='bbox 595 2237 688 2319; x_wconf 83' lang='lat' dir='ltr'><strong>ipsos</strong></span> <span class='ocrx_word' id='word_1_136' title='bbox 711 2231 890 2298; x_wconf 86' lang='lat' dir='ltr'><strong>maledicta</strong></span> <span class='ocrx_word' id='word_1_137' title='bbox 911 2232 946 2295; x_wconf 90' lang='lat' dir='ltr'><strong>in</strong></span> <span class='ocrx_word' id='word_1_138' title='bbox 971 2232 1141 2315; x_wconf 89' lang='lat' dir='ltr'><strong>publicum</strong></span> <span class='ocrx_word' id='word_1_139' title='bbox 1164 2230 1309 2298; x_wconf 74' lang='lat' dir='ltr'><strong>missal²</strong></span> 
     </span>
     <span class='ocr_line' id='line_1_19' title="bbox 210 2334 1379 2424; baseline -0.009 -19"><span class='ocrx_word' id='word_1_140' title='bbox 210 2340 339 2405; x_wconf 83' lang='lat' dir='ltr'><strong>Interea</strong></span> <span class='ocrx_word' id='word_1_141' title='bbox 351 2340 426 2424; x_wconf 89' lang='lat' dir='ltr'><strong>ejus</strong></span> <span class='ocrx_word' id='word_1_142' title='bbox 450 2338 612 2415; x_wconf 83' lang='lat' dir='ltr'><strong>Historia,</strong></span> <span class='ocrx_word' id='word_1_143' title='bbox 627 2342 666 2400; x_wconf 88' lang='lat' dir='ltr'><strong>nt</strong></span> <span class='ocrx_word' id='word_1_144' title='bbox 688 2336 808 2400; x_wconf 85' lang='lat' dir='ltr'><strong>ceteris</strong></span> <span class='ocrx_word' id='word_1_145' title='bbox 832 2334 999 2409; x_wconf 87' lang='lat' dir='ltr'><strong>omnibus,</strong></span> <span class='ocrx_word' id='word_1_146' title='bbox 1013 2338 1144 2397; x_wconf 86' lang='lat' dir='ltr'><strong>utamur</strong></span> <span class='ocrx_word' id='word_1_147' title='bbox 1164 2336 1307 2415; x_wconf 81' lang='lat' dir='ltr'><strong>oportet,</strong></span> <span class='ocrx_word' id='word_1_148' title='bbox 1372 2385 1379 2394; x_wconf 95' lang='lat'><strong>.</strong></span> 
     </span>
     <span class='ocr_line' id='line_1_20' title="bbox 210 2430 1307 2529; baseline -0.008 -23"><span class='ocrx_word' id='word_1_149' title='bbox 210 2444 336 2529; x_wconf 80' lang='lat' dir='ltr'><strong>quippe</strong></span> <span class='ocrx_word' id='word_1_150' title='bbox 350 2463 426 2527; x_wconf 82' lang='lat' dir='ltr'><strong>quae</strong></span> <span class='ocrx_word' id='word_1_151' title='bbox 441 2462 506 2507; x_wconf 89' lang='lat' dir='ltr'><strong>non</strong></span> <span class='ocrx_word' id='word_1_152' title='bbox 519 2430 627 2505; x_wconf 88' lang='lat' dir='ltr'><strong>minus</strong></span> <span class='ocrx_word' id='word_1_153' title='bbox 651 2439 763 2521; x_wconf 70' lang='lat' dir='ltr'><strong>gravia</strong></span> <span class='ocrx_word' id='word_1_154' title='bbox 777 2455 819 2503; x_wconf 90' lang='lat' dir='ltr'><strong>ac</strong></span> <span class='ocrx_word' id='word_1_155' title='bbox 832 2436 927 2500; x_wconf 83' lang='lat' dir='ltr'><strong>utilia</strong></span> <span class='ocrx_word' id='word_1_156' title='bbox 939 2440 1120 2519; x_wconf 73' lang='lat' dir='ltr'><strong>praecepta,</strong></span> <span class='ocrx_word' id='word_1_157' title='bbox 1136 2433 1307 2517; x_wconf 84' lang='lat' dir='ltr'><strong>exempla·</strong></span> 
     </span>
     <span class='ocr_line' id='line_1_21' title="bbox 210 2534 1308 2632; baseline -0.011 -21"><span class='ocrx_word' id='word_1_158' title='bbox 210 2566 276 2632; x_wconf 88' lang='lat' dir='ltr'><strong>quc</strong></span> <span class='ocrx_word' id='word_1_159' title='bbox 299 2546 452 2622; x_wconf 90' lang='lat' dir='ltr'><strong>continet,</strong></span> <span class='ocrx_word' id='word_1_160' title='bbox 478 2544 633 2627; x_wconf 84' lang='lat' dir='ltr'><strong>quamsi</strong></span> <span class='ocrx_word' id='word_1_161' title='bbox 658 2540 802 2625; x_wconf 84' lang='lat' dir='ltr'><strong>scriptor</strong></span> <span class='ocrx_word' id='word_1_162' title='bbox 826 2538 1000 2604; x_wconf 78' lang='lat' dir='ltr'><strong>sanctitate</strong></span> <span class='ocrx_word' id='word_1_163' title='bbox 1024 2556 1152 2601; x_wconf 89' lang='lat' dir='ltr'><strong>morum</strong></span> <span class='ocrx_word' id='word_1_164' title='bbox 1175 2534 1308 2620; x_wconf 79' lang='lat' dir='ltr'><strong>priscos</strong></span> 
     </span>
     <span class='ocr_line' id='line_1_22' title="bbox 209 2647 975 2730; baseline -0.01 -15"><span class='ocrx_word' id='word_1_165' title='bbox 209 2668 322 2715; x_wconf 83' lang='lat' dir='ltr'><strong>omncs</strong></span> <span class='ocrx_word' id='word_1_166' title='bbox 337 2647 511 2712; x_wconf 82' lang='lat' dir='ltr'><strong>Romanos</strong></span> <span class='ocrx_word' id='word_1_167' title='bbox 524 2648 726 2730; x_wconf 82' lang='lat' dir='ltr'><strong>superasset.</strong></span> <span class='ocrx_word' id='word_1_168' title='bbox 970 2656 975 2667; x_wconf 91' lang='grc'>·</span> 
     </span>
    </p>
   </div>
   <div class='ocr_carea' id='block_1_3' title="bbox 338 2790 1176 2906">
    <p class='ocr_par' dir='ltr' id='par_1_4' title="bbox 338 2790 1176 2906">
     <span class='ocr_line' id='line_1_23' title="bbox 338 2790 1176 2906; baseline -0.016 -11"><span class='ocrx_word' id='word_1_169' title='bbox 338 2850 351 2895; x_wconf 91' lang='grc'>1</span> <span class='ocrx_word' id='word_1_170' title='bbox 365 2844 471 2906; x_wconf 79' lang='lat' dir='ltr'><strong>conjnr.</strong></span> <span class='ocrx_word' id='word_1_171' title='bbox 481 2790 560 2895; x_wconf 54' lang='lat' dir='ltr'><strong>helil.</strong></span> <span class='ocrx_word' id='word_1_172' title='bbox 573 2855 630 2906; x_wconf 73' lang='lat' dir='ltr'><strong>cup.</strong></span> <span class='ocrx_word' id='word_1_173' title='bbox 642 2845 666 2891; x_wconf 78' lang='lat' dir='ltr'><strong>l.</strong></span> <span class='ocrx_word' id='word_1_174' title='bbox 731 2843 748 2891; x_wconf 72' lang='lat'>²</span> <span class='ocrx_word' id='word_1_175' title='bbox 763 2838 863 2889; x_wconf 73' lang='lat' dir='ltr'><strong>Senem</strong></span> <span class='ocrx_word' id='word_1_176' title='bbox 872 2834 942 2901; x_wconf 73' lang='lat' dir='ltr'><strong>apud</strong></span> <span class='ocrx_word' id='word_1_177' title='bbox 956 2836 1074 2885; x_wconf 69' lang='lat' dir='ltr'><strong>mermi.</strong></span> <span class='ocrx_word' id='word_1_178' title='bbox 1085 2844 1128 2883; x_wconf 77' lang='lat' dir='ltr'><strong>ru.</strong></span> <span class='ocrx_word' id='word_1_179' title='bbox 1137 2836 1176 2883; x_wconf 76' lang='lat' dir='ltr'><strong>ld.</strong></span> 
     </span>
    </p>
   </div>
   <div class='ocr_carea' id='block_1_4' title="bbox 0 0 1550 4884">
    <p class='ocr_par' dir='ltr' id='par_1_5' title="bbox 0 0 1550 4884">
     <span class='ocr_line' id='line_1_24' title="bbox 0 0 1550 4884; baseline 0 5"><span class='ocrx_word' id='word_1_180' title='bbox 0 0 1550 4884; x_wconf 95' lang='lat' dir='ltr'><strong> </strong></span> 
     </span>
    </p>
   </div>
  </div>
 </body>
</html>
