3092 4884
658 400 865 450 ianuario.
1199 379 1206 395 ’
1287 389 1317 454 b

210 542 378 625 etdietio;
400 562 460 609 seu
474 562 551 627 quae
576 562 626 607 ex*
643 544 759 627 lingua
781 548 816 609 et
829 546 987 611 idiomate
1000 548 1118 613 oribn:
1140 546 1211 613 alia
1223 567 1313 625 vero,

211 664 285 730 qum
309 648 408 711 rebus
433 648 518 731 ipsis
545 648 734 730 accubitum
761 668 848 731 quas
871 650 926 714 vel
950 651 1058 715 obiter
1083 650 1133 715 illi
1154 650 1189 717 in
1214 669 1314 716 cursu

211 748 382 827 orationis,
406 748 459 813 vel
482 753 640 832 tanquam
662 750 793 815 abunde
816 752 969 832 cognitas
989 752 1179 835 attigerunt,
1194 753 1314 835 quavis

211 850 252 917 de
264 869 369 915 causa
382 849 535 933 denique,
550 870 616 929 uon
630 851 713 917 satis
732 850 776 918 ad
791 856 927 934 captum
943 852 1101 929 omnium,
1123 853 1315 936 explicare·

209 958 295 1017 runt
340 952 486 1017 Multam
499 952 667 1037 equidem,
682 972 820 1036 eamque
839 954 987 1019 maxime
1009 954 1211 1019 laudabilem
1233 974 1315 1039 opo·

209 1072 282 1119 ram
302 1056 338 1118 in
358 1054 411 1118 his
426 1054 593 1124 solvendis
608 1054 860 1121 difficultatibus
885 1056 1131 1121 collocaverunt
1151 1056 1313 1125 haetenus

208 1156 274 1219 viri
288 1156 515 1222 eruditissimi:
539 1162 574 1222 at
596 1177 658 1223 suo
681 1158 767 1235 loco,
791 1177 853 1222 nec
867 1159 949 1222 satis
964 1158 1135 1223 commode
1149 1160 1225 1224 visa
1237 1164 1314 1227 sunt

209 1259 320 1341 posita
333 1278 409 1343 quae
422 1259 473 1325 illi
487 1260 677 1343 ceteroquin
690 1262 814 1344 optime
832 1262 1045 1344 scripserunt.
1090 1259 1213 1329 Eorum
1225 1262 1313 1326 enim

210 1358 472 1425 Commentarios
500 1361 557 1425 uhi
586 1362 758 1444 inspicias,
787 1380 865 1445 quae
899 1362 944 1427 ad
973 1362 1098 1427 nudam
1127 1382 1251 1427 vocum
1279 1368 1314 1431 et

209 1459 340 1544 phrasis
362 1462 526 1544 pertinent
540 1460 828 1545 significationem,
851 1470 909 1530 aut
930 1464 1132 1547 peculiarem
1152 1465 1313 1531 sermonis

210 1560 478 1643 declarationem,
507 1584 549 1629 ea
575 1583 652 1628 eum
681 1565 829 1631 ulteriori
856 1584 963 1633 rerum
988 1566 1195 1631 enarratione
1221 1585 1314 1630 com·

210 1665 317 1730 mixta
332 1666 496 1733 invenies:
518 1686 562 1731 ex
579 1687 647 1751 quo
663 1669 774 1747 oritur,
790 1674 826 1733 ut
840 1688 917 1733 cum
932 1669 1079 1752 aliquam
1093 1688 1138 1736 ex
1151 1667 1205 1731 his
1223 1667 1314 1734 notis

210 1766 373 1851 inspicere
386 1766 484 1845 velis,
498 1787 565 1833 non
578 1786 620 1834 ea
633 1769 728 1851 prius
744 1775 909 1847 occurrat,
923 1789 1024 1852 quam
1049 1770 1083 1833 in
1097 1769 1183 1847 aliis,
1198 1774 1314 1836 contra

212 1867 312 1933 animi
326 1868 374 1932 tui
399 1868 610 1947 desiderium,
634 1876 764 1953 tempus
789 1872 1021 1937 consumseris.
1064 1869 1119 1935 Ne
1131 1868 1212 1954 quid
1224 1869 1314 1954 ejus.

212 1968 304 2033 modi
317 1970 464 2035 eveniret
484 1974 613 2055 egregie
633 1972 782 2056 providit
802 1971 866 2038 Vir
879 1971 1163 2056 pmdentissimus.
1206 1970 1314 2036 Nam-

211 2090 278 2155 que
306 2070 624 2159 Interpretationem,
653 2093 729 2157 quae
755 2073 799 2139 ad
827 2092 947 2139 vocum
973 2080 1008 2139 et
1035 2072 1199 2137 sermonis
1231 2071 1313 2141 facit

211 2174 491 2256 explanationem,
506 2194 652 2241 seorsum
679 2196 701 2240 a
725 2175 827 2255 notis,
846 2194 922 2259 quae
948 2194 1001 2239 res
1026 2176 1119 2257 ipsas
1141 2173 1312 2253 evolvunt,

210 2275 457 2359 proponendam
468 2276 626 2343 decrevit:
650 2277 727 2356 nisi,
742 2277 836 2354 sorte,
851 2275 1049 2360 quandoque
1063 2275 1228 2354 adnotes,
1241 2298 1312 2343 ma·

204 2376 300 2461 Jores
324 2376 502 2457 nonnullae,
522 2378 612 2443 cirea
636 2377 825 2456 dictionem,
850 2377 1058 2443 difficultates
1081 2382 1193 2443 essent
1214 2384 1314 2443 retra-

210 2477 340 2542 hendae.
384 2479 585 2562 Designavit
598 2481 745 2563 iusuper,
757 2498 827 2563 qno
840 2478 954 2543 omnia
966 2478 1075 2563 primo
1089 2478 1201 2543 statim
1214 2480 1314 2544 intui·

211 2584 248 2643 tu
262 2586 479 2660 occurrerent,
492 2588 528 2647 ut
542 2583 630 2647 notis
643 2580 859 2673 arithmeticis
871 2581 960 2659 loca,
975 2579 1035 2645 ubi
1049 2581 1313 2663 interpretatione

211 2700 297 2765 opus
310 2690 409 2763 esset,
423 2684 660 2765 indicarentur;
683 2684 852 2768 alphabeti
866 2689 977 2749 autem
991 2683 1094 2747 literis
1116 2700 1193 2765 quae
1217 2688 1314 2747 notas

211 2791 411 2868 posceretur
436 2787 916 2869 Minutarerohaecsunt,quae
924 2783 1313 2869 primodelineantisani·

210 2906 301 2950 mum
315 2895 572 2973 occupaverunt.
608 2888 712 2954 Aliud
721 2893 829 2955 unaet
843 2888 959 2953 eadem
967 2905 1071 2970 opera
1081 2885 1124 2949 ab
1132 2886 1208 2969 ipso
1222 2905 1314 2969 quae·

211 2986 311 3053 situm
320 2993 382 3068 est,
391 2990 540 3069 ubertas,
550 2991 688 3069 scilicet,
700 2996 733 3055 et
743 2992 903 3055 sermonis
912 2989 1023 3072 eopia.
1056 2986 1234 3051 Noneuim
1243 2992 1313 3052 tan·

211 3092 280 3152 tum
288 3089 603 3176 inInterpretatione
612 3112 675 3157 suo
684 3112 817 3177 quoque
825 3090 1089 3157 etuaturaliloco
1097 3087 1313 3153 restituendas

211 3190 319 3255 voluit
330 3199 441 3275 partes
456 3194 615 3259 orationis
628 3194 785 3277 singulas,
801 3192 1053 3258 Nominativum
1065 3194 1139 3254 ante
1152 3188 1312 3273 Verbum,

212 3290 331 3357 deinde
355 3293 610 3375 haematinum,
624 3298 685 3361 &e
708 3294 767 3359 sed
791 3294 994 3379 Synonyma,
1010 3294 1226 3357 obscurarum
1239 3292 1313 3356 vice

212 3397 407 3477 praesertim,
431 3396 571 3461 aliarum
596 3396 696 3461 etiam
720 3416 844 3461 vocum
868 3393 1100 3459 substituenda
1123 3394 1253 3460 statuit:
1276 3399 1313 3458 ut

210 3496 275 3573 sie,
291 3503 360 3562 tum
375 3518 491 3563 serrsus
510 3500 715 3565 clarissimus
736 3504 911 3585 appareat,
926 3505 997 3563 tum
1016 3498 1191 3563 verborum
1204 3498 1258 3561 vis
1278 3501 1313 3559 et

210 3599 349 3683 propria
372 3599 570 3683 significatio
595 3600 804 3684 dijudicetur,
830 3600 1095 3685 abundantiaque
1120 3599 1311 3663 inducatur:

212 3720 404 3785 quanquam
432 3721 478 3766 ex
512 3701 628 3767 Poetis
654 3701 709 3766 hie
739 3702 867 3768 tructus
894 3704 954 3767 erit
982 3702 1085 3767 multo
1118 3700 1310 3765 uberrimus.

215 3800 377 3867 Restabat
390 3803 481 3869 aliud
495 3804 588 3885 nihil,
599 3802 667 3868 'nisi
680 3810 748 3869 tam
761 3805 846 3881 utili,
865 3808 999 3886 amque
1020 3801 1182 3867 laudabili
1203 3803 1312 3867 oonsi-

211 3902 259 3967 lio
281 3924 416 3969 manum
438 3904 626 3970 admovere.
671 3902 756 3969 Rem
772 3924 851 3970 vero
866 3906 987 3988 ipsam,
1010 3910 1049 3968 ut
1061 3903 1203 3985 videtur,
1217 3904 1253 3967 in
1273 3922 1312 3967 se

206 4008 339 4091 recepit
352 4010 464 4091 gratus
480 4008 643 4072 honarum
664 4006 831 4072 literarum
856 4004 1001 4074 Genius:
1023 4000 1108 4071 nani
1128 4025 1150 4069 a
1171 4023 1239 4089 quo
1261 4004 1312 4071 in·

452 4235 461 4265 ¹
480 4232 535 4287 Nos
546 4231 631 4299 aliter,
643 4230 670 4283 io
681 4232 725 4285 ed.
734 4248 824 4299 prae,
835 4232 865 4284 ut
874 4230 916 4285 r'et
927 4219 1076 4298 postularit.
