3092 4884
669 423 861 472 urrsronr.
1071 419 1074 424 ⁴
1294 404 1317 471 3

212 583 280 631 vox
310 564 494 631 Nationum
518 565 617 630 etiam
645 570 772 630 mentes
802 564 972 630 obtundit:
1013 564 1110 643 Tuis,
1134 584 1211 648 quae
1236 564 1316 630 Tibi

213 666 293 731 data
314 667 436 733 fuerint
456 666 671 731 institutionis
690 665 886 744 rudimenta,
913 672 951 729 ut
972 667 1111 744 minora,
1134 667 1184 732 ita
1206 666 1315 749 magis

214 766 257 833 ad
278 788 392 833 eornm
417 777 552 854 captum
574 768 839 846 accommodate,
864 773 1042 853 postquem
1057 767 1265 846 delibaveris,
1281 773 1316 834 et

213 871 511 949 commendaveris,
524 869 706 956 relinques.⁵
720 868 802 934 Jem
823 890 896 959 mos
918 870 1044 947 suadet,
1057 869 1315 937 Suaunrssrnu

214 971 419 1051 Personrs,
434 979 471 1037 nt
484 973 519 1036 in
541 970 658 1040 laudes
679 976 758 1043 tuas,
779 989 953 1037 excurram
967 972 1095 1037 saltem.
1139 972 1234 1038 Nihil
1246 990 1315 1039 me-

212 1074 295 1156 lius3
324 1094 401 1139 nam
426 1075 593 1159 quisquis,
617 1074 671 1138 vel
685 1074 813 1153 leviter,
826 1082 918 1139 tuam
936 1075 1082 1159 speciem
1095 1074 1315 1141 adumbrave-

212 1176 266 1253 rit,
283 1176 313 1240 is
326 1176 489 1260 proiecto,
512 1180 605 1240 tunta
619 1176 655 1239 in
673 1174 722 1239 Te
737 1181 789 1241 est
800 1177 853 1241 vis
869 1176 958 1254 boni,
982 1181 1050 1241 tam
1077 1176 1259 1251 manifeste,
1281 1181 1316 1242 et

213 1278 316 1357 color,
332 1284 365 1343 et
378 1279 491 1343 omnia
504 1275 635 1343 virtutis
649 1276 846 1343 lineamenta
864 1278 897 1341 in
919 1276 969 1341 Te
986 1283 1157 1362 apparent,
1174 1277 1315 1344 Perfecti

214 1378 378 1463 Principis
391 1379 502 1445 ideam
517 1378 728 1463 expresserit.
772 1374 821 1443 At
844 1385 932 1445 certe
950 1379 1038 1445 unde
1061 1378 1230 1466 incipiam,
1247 1380 1314 1458 rel,

76 1492 86 1519 ⁵
213 1480 297 1566 qnid
313 1482 405 1546 sitin
418 1481 469 1546 'l'e
483 1481 628 1545 maxime
648 1480 821 1559 eximium,
835 1502 986 1566 prorsum
1001 1483 1127 1548 nescio.
1171 1480 1316 1547 Minima

214 1584 395 1668 aucupanti
408 1583 559 1647 maxima
568 1583 772 1662 enitescunt;
799 1588 843 1660 et,
859 1602 1070 1667 quocumque
1084 1584 1200 1648 oculos
1210 1590 1314 1663 verto,

212 1704 319 1751 novus
333 1686 446 1764 decor,
458 1704 567 1751 novus
580 1704 633 1750 me
645 1684 804 1769 splendor
818 1690 973 1769 occupat.
1010 1683 1097 1763 Quis
1110 1704 1202 1763 vero,
1215 1704 1315 1769 quam

212 1808 234 1855 a
249 1788 435 1854 Pirum
448 1789 564 1865 habes,
584 1788 685 1853 animi
697 1787 963 1873 magnitudinem,
977 1790 1062 1852 mira
1075 1808 1151 1853 cum
1164 1794 1224 1853 tua
1237 1808 1315 1853 sua·

212 1891 315 1957 vitate
330 1891 506 1956 scribendo
521 1892 656 1974 pingere
670 1896 704 1954 et
727 1889 1003 1975 comprehendere
1016 1888 1162 1953 audenti
1184 1887 1240 1953 Ne
1253 1908 1315 1974 po-

212 1992 277 2058 tuit
290 1992 424 2077 quidem
437 1993 596 2059 hactenus
608 1994 717 2077 regios
730 1993 843 2058 vultus
855 1991 1030 2076 penicillus
1042 1991 1176 2055 imitari.
1197 1988 1315 2069 Quan-

211 2096 334 2159 tumvis
355 2096 534 2179 perspicax
558 2100 593 2161 et
612 2096 750 2180 loquax,
771 2114 865 2161 eaeca
878 2100 988 2159 minen
1011 2098 1045 2157 et
1067 2097 1162 2157 muta
1182 2090 1314 2175 inipso

211 2194 302 2263 lauru
316 2196 396 2263 suit:
427 2196 481 2263 Tu
501 2197 602 2263 oredo
616 2198 722 2276 solus,
744 2203 780 2263 et
796 2195 860 2275 Te,
877 2201 913 2261 et
936 2194 1036 2261 Illum
1056 2193 1251 2278 postfuturis
1262 2212 1316 2259 re·

210 2288 442 2383 praesentabis.
486 2296 576 2367 Vive
600 2300 670 2379 diu,
691 2305 725 2367 et
745 2298 886 2367 multum
907 2297 994 2377 vale,
1020 2303 1150 2363 tuorum
1169 2296 1317 2367 omniun

211 2398 312 2484 Spes,
327 2420 368 2469 uo
383 2400 537 2469 Deliciee.
