3092 4884
250 424 296 491 22
757 442 848 489 vrrs

250 584 407 661 Romana
425 604 483 669 per
500 583 673 652 duodecim
689 604 791 649 anuos
804 591 980 668 gestarmn,
1003 590 1079 651 ante
1093 585 1214 670 Lepidi
1229 588 1351 655 tumul·

249 694 339 769 tum3
361 706 499 771 qnorum
514 686 686 751 duodecim
701 706 859 753 annornm
872 686 1001 752 initium
1014 687 1149 752 fecerim
1164 688 1297 755 circiter
1306 691 1353 756 ab

250 790 339 857 mino
353 787 396 853 u.
409 787 449 852 G.
466 802 639 865 ncnxnr,
665 806 730 870 quo
750 787 873 852 bellurn
890 786 1075 852 Marsicum
1088 789 1291 868 inchoatum,
1306 792 1351 857 ab

251 910 293 959 eo
314 892 399 955 enim
425 894 582 971 tempore,
609 907 713 971 usque
730 888 781 953 ad
804 893 990 951 extremam
1007 888 1216 955 Dictaturam
1235 890 1351 975 Syllae,

250 991 427 1057 duodecim
444 990 576 1055 circiter
590 989 666 1053 anni
680 989 854 1055 tinxerunt.
900 987 1010 1053 Multa
1024 996 1133 1054 antem
1146 991 1353 1058 inveniuntur

249 1094 430 1175 fragmenta
443 1091 607 1169 Sallustii,
617 1100 660 1155 ex
674 1090 794 1173 quibus
808 1085 913 1174 liquet
926 1110 1001 1154 eum
1015 1110 1069 1155 res
1084 1110 1106 1155 a
1118 1091 1213 1175 Sylla
1226 1101 1351 1176 gestes,

250 1194 440 1278 scripsisse3
465 1215 541 1278 quae
555 1213 597 1260 ea
610 1193 770 1276 temporis
785 1192 1030 1276 intercapedine
1039 1194 1254 1258 continentur.
1299 1211 1351 1261 rt.

251 1293 381 1363 Bellum
410 1298 589 1379 scripserat
617 1294 852 1372 Sertorianum,
880 1296 969 1379 quod
992 1300 1140 1378 coeperat
1166 1296 1231 1359 sub
1253 1296 1351 1365 linem

250 1398 330 1461 vitae
346 1396 461 1481 Syllae,
481 1396 699 1479 proximeque
714 1394 889 1461 duodecim
908 1414 1011 1459 annos
1025 1402 1222 1462 memoratos
1236 1417 1352 1463 conm-

250 1501 430 1583 quebatur;
467 1496 621 1563 Metellus
648 1496 793 1561 enimin
815 1495 1017 1581 Hispaniam
1042 1503 1155 1563 mnne
1169 1492 1351 1565 Sertorium

251 1600 373 1665 missus
395 1605 446 1663 est
474 1618 560 1663 anno
587 1596 632 1662 U.
653 1595 694 1663 C.
717 1610 904 1662 ncaxxrv.
935 1600 994 1681 qui
1018 1598 1194 1664 duodecim
1220 1602 1352 1666 illorum

251 1718 408 1765 annorum
423 1702 556 1767 ultimus
575 1700 650 1764 suit
694 1699 733 1765 si
757 1718 799 1763 ea
824 1699 979 1764 Historia
1003 1700 1046 1764 ad
1070 1707 1223 1784 receptas
1245 1720 1353 1785 usque

253 1801 440 1885 Hispanias
455 1808 608 1885 pertexta
621 1808 684 1881 est,
706 1801 797 1885 quod
812 1802 968 1866 credibile
981 1802 1122 1879 ridetur,
1137 1801 1293 1885 pertinuit
1306 1800 1351 1866 ad

251 1916 373 1971 mnam
399 1920 589 1971 ncnxxxr.
612 1922 687 1969 narn
702 1903 889 1967 eudemum
902 1922 1000 1981 anuo,
1014 1903 1139 1969 occisis
1152 1904 1302 1971 Sertorio
1317 1911 1353 1967 et

252 2003 437 2088 Porpomrn,
453 2013 581 2090 pacata
597 2012 674 2071 sunt
688 2006 877 2089 Hispaniae.

295 2105 386 2171 Hinc
399 2108 559 2185 videmus,
569 2108 722 2194 quamvis
732 2106 911 2173 Sallustius
921 2108 1061 2193 carptim
1069 2104 1261 2189 scripsisset
1270 2105 1354 2172 flis-

251 2208 371 2275 totiam
398 2208 597 2287 Romanum,
621 2228 682 2273 nec
703 2207 859 2275 continua
883 2213 1065 2291 temporum
1088 2208 1173 2273 serie
1195 2207 1352 2272 lucubra-

246 2309 357 2373 tioues
367 2330 448 2375 suas
462 2309 633 2387 edidisset,
645 2329 689 2373 ex
700 2308 805 2376 tribus
813 2312 981 2392 postremo
992 2310 1184 2375 memoratis
1194 2309 1353 2393 operibns

251 2411 401 2493 potuisse
429 2412 561 2477 contexi
591 2412 721 2479 circiter
749 2410 936 2475 octodecim
958 2430 1118 2475 annornm
1142 2410 1353 2489 Historiam

253 2530 329 2595 qum
352 2512 477 2591 utinam
489 2531 568 2577 sane
580 2511 724 2577 extaret!
770 2510 966 2595 Fragmenta
978 2512 1065 2576 enirn
1079 2511 1154 2596 ejus
1169 2512 1259 2575 sitim
1273 2529 1352 2575 nos-

252 2619 335 2681 tram
359 2615 518 2691 excitant,
541 2634 607 2679 non
632 2614 846 2696 restinguunt
891 2613 942 2678 Hi
967 2619 1079 2679 autem
1092 2614 1180 2691 libri,
1199 2613 1353 2697 quamvis

253 2715 297 2777 ab
320 2719 454 2779 auctore
481 2735 521 2779 eo
544 2716 670 2793 ordine,
700 2735 797 2799 quem
811 2720 971 2779 memorat
985 2712 1169 2792 Ausonius,
1193 2714 1285 2791 editi,
1299 2713 1352 2776 vi·

248 2814 375 2880 dentur,
392 2822 510 2898 postea
535 2836 557 2881 a
577 2814 813 2881 Grammaticis
827 2816 863 2879 in
876 2816 1023 2880 ordinem
1037 2815 1201 2899 quendam
1214 2814 1351 2891 redacti,

252 2923 290 2981 ut
303 2936 346 2981 ex
360 2918 467 2981 tribus
482 2918 640 3001 operibus
652 2937 719 2983 una
729 2918 924 2991 conflaretur
935 2916 1100 2993 Historia,
1111 2917 1267 3002 librique
1277 2918 1352 3001 ejus

252 3024 411 3103 perpetuo
430 3020 545 3084 ordine
558 3040 579 3084 a
592 3022 697 3105 primo
712 3020 756 3083 ad
769 3018 922 3084 ultimum
936 3018 1152 3097 decurrerent,
1168 3016 1352 3084 commodi-

252 3140 358 3203 usque
378 3120 421 3185 ad
445 3122 667 3187 testimonium
691 3122 877 3203 citarentur.
930 3118 1069 3184 Asinius
1084 3119 1204 3197 Pollio,
1219 3120 1255 3183 in
1268 3119 1352 3183 libro

254 3242 321 3305 quo
349 3223 499 3288 Sallustii
527 3224 654 3307 scripta
679 3220 939 3306 reprehenderat,
970 3227 1008 3286 ut
1035 3222 1139 3286 nimia
1165 3225 1351 3305 priscorum

251 3324 426 3395 verborum
449 3324 654 3391 affectatione
679 3322 796 3399 oblita,
820 3321 980 3399 tradebat,
1007 3322 1070 3385 ‘ln
1083 3342 1159 3387 eam
1172 3344 1240 3387 rem
1255 3322 1350 3406 adju-

253 3426 372 3491 torium
388 3425 554 3489 olfecisse
569 3425 713 3489 maxime
738 3424 903 3508 quendam
928 3422 1074 3489 Atteium
1099 3424 1351 3501 Praetextatum,

252 3527 395 3591 nobilem
412 3526 669 3599 Grammatieum
690 3524 857 3603 Latinum,
880 3524 1134 3590 declamantium
1159 3525 1276 3589 deinde
1293 3524 1352 3589 ad·

248 3630 391 3715 jutorem
415 3634 513 3712 atque
527 3618 787 3711 praeceptorem'!
828 3624 884 3693 Ab
905 3628 969 3693 hoc
992 3628 1103 3692 aiebat
1124 3616 1354 3707 ‘Sallusttnmj

230 3780 231 3785 η
255 3730 440 3795 Historiam
470 3731 613 3793 scribere
640 3749 843 3813 aggressum,
875 3731 1041 3795 breviario
1070 3750 1175 3794 rerum
1203 3730 1351 3794 omniurn

253 3824 490 3909 Romanarum,
501 3852 544 3896 ex
552 3832 674 3916 quibus
684 3850 768 3916 quas
776 3832 1023 3917 velleteligeret,
1035 3832 1228 3896 instructum
1236 3831 1352 3908 fuisse,

253 3936 453 4019 antiquaque
468 3934 499 3997 ei
515 3936 615 3999 verba
628 3940 662 4000 et
679 3936 802 4019 figuras
823 3935 957 3998 solitum
979 3952 1055 3997 eum
1078 3954 1152 3997 esse
1177 3922 1353 4016 colligere?

253 4034 393 4101 Videtur
422 4036 666 4103 Grammaticus
691 4057 756 4101 non
783 4034 937 4119 ignobilis
964 4056 1006 4099 ea
1031 4036 1065 4098 in
1092 4054 1127 4098 re
1155 4034 1283 4117 ingenio
1309 4055 1351 4099 ac

254 4138 412 4203 voluntati
428 4138 575 4203 Sallustii
589 4137 793 4219 gratificatus
805 4156 890 4214 esse,
903 4137 1013 4220 potins
1026 4156 1126 4220 qnam
1139 4156 1233 4200 snum
1244 4122 1352 4219 ipsius

250 4237 413 4322 judicium
429 4244 581 4331 secutam
602 4259 679 4305 nam
694 4240 729 4305 in
744 4240 922 4329 praeceptis
937 4236 1126 4333 Rhetoricis
1137 4237 1180 4303 ad
1198 4237 1352 4302 Asinium
