3092 4884
244 384 290 453 to
548 434 551 441 .
656 396 704 449 nn
726 391 935 447 ssunusrro
984 438 987 445 .

244 544 345 613 stadii
359 543 577 621 intervalium,
596 540 688 626 quod
710 558 779 605 uno
790 541 912 625 spiritu
925 538 1117 607 conlocatis.
1160 538 1215 604 Ac
1231 544 1346 605 cmtra

245 648 398 715 videmus
413 646 605 711 Sallustium
628 646 748 727 ipsum,
769 662 849 709 cnm
869 641 949 727 qnid
970 642 1073 708 semei
1094 640 1272 709 dicendum
1292 661 1347 707 as·

246 750 378 827 sumsit,
393 748 477 814 adso
488 754 637 833 perstare
651 751 688 811 ut
702 762 929 828 ssepcnunrcro
943 744 1052 829 egredi
1067 744 1227 823 videatur,
1240 747 1303 810 irc.

729 917 872 983 Ibidem.

292 1056 414 1140 Neque
446 1074 525 1121 voro
561 1055 766 1135 Sallustium,
794 1054 1028 1139 politissimum
1065 1058 1244 1129 auctorem,
1269 1052 1347 1136 reji-

247 1161 341 1226 ciunt
354 1154 615 1241 (Ciceroniani):
650 1155 710 1223 sed
732 1158 868 1223 anxium
889 1154 972 1221 illud
995 1161 1096 1240 atquc
1109 1153 1282 1219 imititium
1296 1153 1347 1219 di·

248 1261 344 1327 ccndi
359 1278 477 1343 genus,
490 1257 548 1323 scd
559 1259 663 1325 multa
676 1258 909 1343 superstitiosa
925 1258 1036 1323 verba.

628 1428 723 1495 Idem
738 1400 833 1509 Podt,
849 1429 969 1495 1v.2‹l.

290 1540 400 1646 Quasi
419 1584 501 1632 vero
523 1563 793 1630 commentarium
815 1562 984 1648 scripserit
996 1562 1062 1641 ille,
1076 1581 1145 1628 non
1159 1560 1345 1651 Historiam

246 1668 446 1754 pleniorem
468 1667 527 1751 qni
539 1666 584 1731 sit
596 1662 761 1731 Historia
777 1669 871 1748 pater
883 1665 1081 1749 appellatus.

701 1854 745 1919 Et
762 1871 817 1920 ru.
834 1854 889 1921 96.

290 1989 475 2055 Ambitiosa
503 1989 602 2071 igitur
629 1988 752 2053 secisse
774 1987 904 2053 videtur
928 1988 1107 2053 Sallustius
1136 1988 1346 2072 quibusdam,
1387 2046 1391 2052 .

247 2088 337 2176 quod
352 2088 532 2155 Poitartm
545 2108 647 2168 moro,
663 2108 740 2154 cnm
764 2089 873 2153 dicero
895 2108 991 2155 orsus
1014 2094 1103 2155 esset
1127 2089 1170 2153 ds
1188 2088 1345 2165 Catilina,

247 2192 373 2256 omissa
401 2211 444 2255 aa
471 2193 654 2258 narratione
686 2191 807 2276 repetit
833 2192 1003 2256 historiam
1033 2192 1077 2257 ab
1109 2192 1192 2275 ipsis
1219 2191 1346 2255 ultimis

248 2290 369 2357 Romae
385 2292 586 2359 rudimentis.
632 2292 706 2358 Nos
720 2295 831 2357 virum
853 2310 916 2358 suo
939 2293 975 2356 in
997 2312 1112 2377 genere
1134 2297 1347 2377 praestantem

246 2412 323 2459 cnm
336 2400 425 2461 reete
439 2400 508 2459 tum
521 2396 710 2461 necessario
733 2395 857 2461 fecisse
871 2396 1081 2482 judicamus:
1113 2400 1151 2459 ut
1163 2394 1349 2461 ostenderet
1454 2382 1459 2389 ’

247 2500 439 2580 corruptam
454 2496 633 2576 civitatem,
649 2498 747 2583 cujus
760 2503 795 2563 et
808 2516 887 2581 pars
900 2504 990 2563 essct
1004 2496 1160 2562 Catilina.

635 2668 659 2733 J
660 2688 782 2735 oannes
795 2668 960 2737 Bodinus.

293 2799 347 2865 De
362 2798 534 2878 Sallustio,
550 2801 640 2884 quod
653 2802 764 2867 omnia
778 2801 846 2867 scra
866 2802 941 2885 ejus
962 2803 1089 2886 scripta
1107 2801 1346 2881 interciderunt,

246 2920 314 2967 non
328 2900 376 2966 itu
389 2901 488 2966 facilc
506 2901 650 2987 judicari
663 2907 787 2986 potest,
810 2922 854 2967 ex
879 2904 922 2967 iis
947 2910 1069 2978 minen,
1084 2923 1161 2986 quae
1175 2902 1345 2981 habemus,

245 3003 487 3085 integerrimum
509 3005 703 3087 scriptorem
726 3010 759 3069 et
782 3022 890 3068 rerurn
912 3022 1102 3085 magnarum
1122 3024 1183 3067 usu
1204 3004 1346 3087 peritum

246 3103 352 3169 fuisse
364 3110 494 3169 constat
507 3123 516 3184 ;
529 3108 565 3167 ut
576 3104 665 3169 onim
676 3105 700 3169 J
702 3104 910 3188 ugurthinmn
922 3105 1044 3169 bellum
1053 3106 1164 3169 verius
1178 3105 1346 3183 scriberet,

246 3207 282 3271 in
295 3204 445 3271 Africam
458 3224 564 3289 usque
578 3207 748 3290 navigavit
760 3228 769 3288 ;
791 3208 895 3272 libers
907 3214 1016 3273 tamen
1030 3208 1072 3272 de
1085 3210 1183 3272 rebus
1193 3207 1345 3290 judicat3

247 3306 329 3390 qnid
351 3306 438 3397 eninr
458 3308 592 3373 liberius
606 3314 667 3387 est,
684 3329 785 3393 quam
798 3310 833 3375 in
847 3329 914 3376 uno
929 3308 1063 3374 Gaesare
1085 3316 1118 3374 ct
1135 3308 1261 3375 Catone
1275 3309 1346 3374 Ro-

246 3424 415 3472 manorum
430 3408 576 3472 omnium
589 3410 677 3474 illius
692 3413 804 3476 artatis
819 3411 982 3477 collocare
995 3414 1173 3477 virtutem?

646 3580 768 3647 Justus
791 3581 942 3667 lipsius.

289 3708 345 3775 Ex
357 3711 401 3776 iis
416 3712 473 3796 qui
494 3720 662 3797 superant,
685 3714 724 3781 G.
746 3715 865 3782 Gaesar
887 3718 1038 3783 laudatur
1062 3716 1231 3802 inprimis:
1264 3718 1294 3780 si
1307 3722 1347 3780 ut

246 3811 390 3879 disemus
402 3821 568 3897 narmtor3
590 3816 698 3882 libens
714 3821 879 3886 assentio:
910 3821 1064 3885 ostentm
1086 3821 1158 3904 ejus
1179 3819 1242 3885 viri
1261 3838 1346 3903 pura

136 3927 140 3936 “
246 3916 351 3981 oratio
364 3916 528 3981 sinodico
542 3936 583 3983 ac
596 3918 795 3985 calamistris
808 3926 933 4001 ornata,
943 3922 998 3985 vel
1012 3920 1175 3985 Romanis
1189 3921 1242 3985 val
1256 3920 1346 3987 Atti·

246 4016 298 4081 cis
314 4016 422 4081 Musis
436 4018 649 4102 dignissima:
682 4024 780 4087 sinut
792 4023 959 4107 perfectus
972 4023 1166 4103 historicus;
1194 4023 1346 4088 dubitare

246 4136 300 4182 me
313 4118 435 4201 dicam,
450 4140 526 4186 cum
541 4128 576 4187 et
588 4124 737 4189 nonnulli
755 4124 853 4190 tidem
875 4126 947 4210 cJus
969 4124 1005 4187 in
1028 4124 1165 4189 historia
1189 4124 1281 4191 civili
1294 4144 1344 4188 ro-

246 4219 387 4303 quiunt,
402 4228 435 4288 st
456 4225 586 4294 tortium
611 4224 695 4291 illud
718 4224 808 4303 ἠθικὸν
831 4228 879 4299 sai
901 4224 1045 4288 πολιτικὸν
1068 4230 1173 4290 totum
1193 4225 1226 4291 ai
1248 4225 1345 4302 desit,
