3092 4884
224 386 248 451 6
328 358 334 373 ’
447 464 449 469 ,
675 390 884 448 rubuario.

141 530 145 536 ⁴
226 552 341 629 coepto
355 544 517 609 retrahere
530 544 717 628 impensam
744 544 927 607 maximam
952 542 1064 627 quivis
1084 542 1290 622 credidisset,
1306 545 1340 609 ei

225 650 272 713 rei
296 668 337 713 ne
360 647 529 712 minimum
552 645 686 730 quidem
704 646 827 711 obtulit
845 644 1124 729 impedimentum.
1168 645 1340 710 Nimirum

224 752 261 815 in
276 770 317 814 eu
329 754 479 833 tempora
492 749 682 826 incidimus,
707 748 833 831 quibus
847 746 981 829 Regum
995 746 1339 825 munificentissimus,

225 852 457 934 hominumque
482 850 730 915 oculatissimus
753 850 927 934 imperinm
951 850 1086 915 obtinet.
1145 848 1231 914 Cum
1258 868 1339 933 ergo

227 953 309 1019 Dux
348 953 596 1017 illustrissimus
636 951 897 1019 Montauserius·
918 952 962 1015 ad
998 950 1133 1016 honoris
1170 960 1338 1015 summum

225 1056 395 1139 fastigium
412 1055 575 1132 sublatus,
596 1054 767 1138 lechrsqne
789 1056 875 1119 inter
899 1054 1061 1119 Proceres
1083 1052 1150 1117 tide
1177 1074 1218 1117 ac
1245 1054 1337 1137 sapi·

228 1160 314 1223 entia
337 1158 576 1243 praecellentes,
602 1176 686 1241 quos
711 1176 834 1240 magno
859 1174 994 1221 numero
1026 1156 1125 1219 hodie
1152 1158 1337 1239 praesertim

223 1262 328 1327 habet
342 1263 432 1325 alma
447 1258 572 1337 Gallia,
592 1258 709 1343 Regiae
725 1259 883 1343 Delphini
903 1257 1101 1324 institutioni
1122 1259 1336 1336 incumberet,

227 1384 269 1429 ea
282 1362 482 1447 perficienda
493 1362 632 1439 curavit,
644 1382 720 1446 quae
730 1368 807 1426 ante
818 1362 1035 1443 cogitaverat.
1079 1358 1336 1425 Studiosissime

228 1464 319 1549 apud
333 1484 448 1529 omnes
460 1463 623 1541 literatos,
637 1464 726 1527 intra
740 1468 773 1526 et
786 1469 880 1525 extra
899 1462 991 1544 regni
1011 1460 1104 1538 fines,
1119 1461 1336 1545 requirendos

223 1568 338 1651 jussit,
359 1567 449 1629 viros
466 1564 606 1629 instituti
626 1564 678 1628 sui
700 1563 928 1642 administros3
952 1581 1036 1645 quos
1053 1560 1280 1641 beneficentia,
1301 1570 1336 1627 et

228 1671 318 1735 omni
333 1668 446 1733 favore
462 1667 598 1732 clientes
612 1682 692 1729 suos
713 1663 803 1729 iecit.
844 1664 1018 1743 Quantum
1039 1662 1082 1729 de
1100 1664 1199 1728 bonis
1215 1664 1333 1743 literis,

227 1770 441 1853 literatisque,
457 1775 528 1835 toto
544 1768 683 1851 denique
699 1764 873 1830 Musarum
888 1765 988 1830 choro
1006 1766 1169 1843 meruerit,
1185 1766 1244 1850 qui
1264 1786 1337 1831 om·

225 1886 297 1951 nes,
322 1878 485 1957 quotquot
512 1872 671 1936 habemus
696 1868 827 1935 Latinae
850 1869 975 1951 lingue
999 1873 1165 1944 auctores,
1188 1878 1242 1947 eo,
1267 1889 1337 1953 qno

225 1975 434 2058 praescripsit
447 1973 557 2049 modo,
573 1971 788 2053 castigandos
801 1971 1042 2037 etenarrandos
1056 1972 1258 2054 procuravit,
1268 1990 1337 2035 non

228 2096 301 2157 ego,
326 2076 361 2137 in
384 2074 447 2138 hac
471 2074 619 2151 infantia,
645 2072 704 2136 sed
724 2072 989 2156 quibuscumque
1008 2073 1167 2136 bonorum
1189 2073 1336 2137 omnium

228 2194 293 2239 non
306 2174 404 2239 fuerit
417 2176 529 2239 innata
541 2174 647 2257 turpis
662 2174 839 2249 aversatio,
855 2193 971 2238 omnes
984 2174 1228 2259 praedicabunt.
1253 2172 1277 2238 J
1279 2192 1335 2237 am

227 2278 309 2342 nihil
322 2298 410 2360 opus
424 2279 484 2341 crit
498 2274 682 2341 vernaculis
698 2274 784 2353 istis,
799 2278 832 2339 et
845 2277 1021 2361 quotannis
1043 2276 1113 2341 fere
1134 2276 1335 2350 renovandis

228 2379 561 2463 interpretationibus,
586 2394 663 2461 quae
679 2378 742 2441 vix
761 2378 845 2441 satis
865 2396 1012 2461 unquam
1032 2378 1179 2442 auctoris
1198 2396 1334 2442 sensum

228 2484 262 2545 et
284 2500 424 2564 scopum
445 2486 675 2564 assequuntur,
698 2498 830 2562 semper
852 2479 895 2543 ab
917 2479 990 2563 ejus
1010 2478 1147 2556 ratione,
1167 2478 1335 2562 modoque

228 2581 396 2647 recedunt.
442 2582 605 2665 Quisquis
622 2583 655 2646 in
670 2580 802 2645 Latinae
818 2579 940 2663 linguae
955 2580 1196 2663 cognoscendis
1211 2580 1335 2665 princi·

229 2684 296 2768 piis
311 2702 445 2769 operam
460 2704 554 2748 suam
568 2704 628 2769 per
642 2704 705 2748 sex
720 2703 848 2748 menses
863 2684 1018 2747 adhibere
1030 2684 1181 2762 voluerit,
1195 2684 1226 2747 is
1240 2694 1335 2767 post·

224 2805 271 2850 ea
293 2786 384 2850 solus
408 2806 560 2870 magnam
582 2787 673 2851 illam
690 2788 821 2851 virtutis
841 2786 1000 2865 altricem,
1022 2790 1165 2850 veterem
1186 2783 1332 2852 Romam

230 2888 318 2967 dico,
340 2890 462 2972 poterit
485 2888 698 2972 perlustrare3
721 2884 877 2972 tutusque
901 2886 1157 2954 venerandorum
1181 2886 1255 2971 ejus
1281 2910 1335 2955 se·

229 2990 394 3074 pultormn
409 2988 527 3053 Manes
541 2990 576 3051 in
590 2988 752 3054 auxilium
766 2990 988 3055 et'consilium
1002 3008 1151 3054 evocare.
1197 2988 1335 3055 Utinam

229 3109 319 3169 vero,
334 3090 423 3174 quod
438 3090 600 3173 reliquum
620 3096 683 3168 est,
700 3096 768 3155 tarn
787 3092 899 3155 multis
920 3091 1212 3156 commoditatibus
1231 3094 1334 3175 culpa

229 3196 341 3256 nostra
361 3190 441 3257 nibil
463 3192 645 3257 detractum
667 3194 776 3259 fuerit.
821 3192 983 3259 Socordia
1003 3212 1069 3258 non
1090 3195 1233 3259 evenerit
1254 3216 1334 3279 pro·

117 3382 119 3387 ,
226 3290 336 3358 tecto:
368 3315 445 3378 qnae
475 3299 583 3358 autem
612 3315 670 3379 per
695 3297 893 3380 imperitiam
916 3297 1048 3361 turbata
1072 3296 1204 3375 fuerint,
1228 3318 1270 3363 ea
1295 3306 1335 3365 ut

229 3394 431 3461 humanitate
458 3402 514 3460 tna
540 3416 697 3463 excusare
720 3398 816 3476 velis,
845 3398 966 3463 Lector
993 3399 1164 3478 benevole,
1189 3420 1332 3469 oramus.

230 3496 334 3578 Quod
345 3499 375 3563 si
387 3498 633 3563 illustrissimus
647 3498 897 3565 Condomiensis
911 3493 1101 3585 Episcopus
1116 3498 1332 3579 ex'assiduis,

229 3601 365 3687 ‘quibus
381 3602 413 3664 in
429 3600 607 3664 erudiendo
627 3600 789 3685 Principe,
804 3602 966 3667 detinetur
980 3603 1077 3679 curis,
1092 3602 1136 3666 ad
1154 3602 1228 3669 baec
1241 3604 1334 3671 levia

231 3704 373 3767 arrimum
401 3700 566 3765 demittere
595 3704 776 3786 potuisset3
807 3710 863 3769 aut
891 3704 1111 3769 Nobilissimo
1141 3704 1269 3770 Huetio
1297 3708 1333 3769 in

230 3803 405 3869 earundem
420 3822 570 3867 curarum
585 3810 710 3887 partem
724 3808 841 3884 ascito,
857 3826 924 3890 qua
936 3807 1165 3872 benevolentia
1177 3808 1333 3873 laboran-

232 3907 321 3971 tibus
334 3907 432 3970 nobis
443 3924 672 3990 nonnunquam
684 3909 845 3986 subvenit,
861 3908 976 3972 cadem
991 3916 1095 3974 totum
1110 3930 1196 3993 opus
1212 3911 1255 3974 ad
1270 3930 1332 3975 cx-

233 4026 328 4072 amen
351 4028 448 4072 suum
470 4026 626 4073 revocare
649 4010 807 4091 licuisset,
830 4009 958 4094 aliquid
985 4017 1072 4075 certe
1097 4012 1332 4094 promovendis

231 4107 351 4175 studiis
380 4108 494 4173 utilius
522 4110 687 4175 excudere
715 4114 946 4195 potuissemus.
1006 4111 1106 4189 Quod
1135 4115 1244 4192 nubis
1272 4117 1332 4199 qui

230 4210 356 4295 priores
370 4210 405 4275 in
417 4210 501 4275 hanc
510 4229 641 4277 arenam
654 4213 895 4293 descendimus,
903 4214 1062 4299 quoniam
1075 4214 1204 4280 fortuna
1214 4218 1331 4283 melior
