3092 4884
484 414 637 466 suorcrl
660 412 708 465 uu
731 412 977 467 cus'rusonra.
1233 398 1284 470 Β

170 562 319 647 scripsit,
343 570 380 629 ot
403 560 604 647 quibusdam
632 561 706 661 aliis
730 560 770 626 C.
795 561 954 629 Sallustio
979 562 1116 648 iniquis,
1143 564 1278 649 dignum

173 670 251 731 nota
267 664 378 728 visum
392 670 453 747 est,
468 664 569 748 quod,
583 668 644 749 tue.

613 876 658 942 Et
674 878 842 944 xvn.18.

220 1012 270 1079 Μ.
285 1012 395 1079 Varro
408 1012 444 1076 in
458 1013 562 1077 literis
576 1020 676 1097 atque
688 1015 760 1083 vita
773 1014 839 1078 fide
852 1013 952 1079 homo
972 1016 1077 1081 multa
1098 1022 1133 1083 et
1152 1020 1276 1101 gravis

175 1118 207 1181 in
222 1116 307 1181 libro
322 1135 420 1201 quem
435 1116 612 1200 inscripsit,
629 1116 723 1197 Pius,
739 1124 809 1195 aut,
823 1117 876 1183 Dc
892 1116 997 1195 Pace,
1011 1116 1051 1183 C.
1068 1118 1276 1198 Sallusuuu

175 1218 367 1303 scriptorem
380 1218 473 1283 seriae
489 1219 580 1284 illius
595 1224 628 1284 et
642 1240 766 1287 severae
781 1220 952 1297 orationis,
963 1220 997 1285 in
1012 1220 1108 1307 cujus
1121 1220 1278 1291 Historia

175 1320 325 1387 notiones
339 1322 509 1386 censorias
523 1320 593 1387 fieri
608 1326 709 1405 atque
733 1322 882 1386 exerceri
896 1321 1055 1401 videmus,
1069 1324 1104 1387 iu
1117 1322 1278 1393 aduena

175 1420 407 1507 deprehensum
422 1424 465 1487 ab
478 1422 588 1489 Annio
613 1422 752 1503 Milone,
775 1423 857 1489 loris
880 1425 965 1489 bena
985 1444 1109 1489 caesum
1134 1424 1227 1505 dicit,
1242 1430 1278 1494 et
1335 1496 1340 1503 ,

176 1544 250 1589 cum
265 1522 409 1591 dedisset
422 1526 610 1612 pecuniam,
623 1524 807 1592 dimissum.

280 1730 456 1796 Suetonius
471 1702 525 1795 Do
540 1731 640 1797 claris
656 1730 907 1798 Grammaticis:
931 1730 971 1795 de
987 1730 1173 1817 Pbilologo.

172 1898 174 1904 ·
219 1864 354 1933 Asinius
378 1866 492 1931 Pollio
516 1867 636 1931 librum
662 1867 812 1951 scripsit,
834 1868 952 1950 in-quo
974 1866 1130 1931 Sallustii
1151 1868 1276 1953 scripta
1357 1916 1365 1923 .

174 1956 390 2053 reprehendit,
401 1976 439 2035 ut
451 1970 553 2034 nimia
568 1968 741 2033 verborum
755 1967 962 2033 affectatione
975 1966 1093 2053 oblita.

627 2152 670 2219 Et
684 2154 819 2221 ibidem.

219 2274 413 2357 Philologus
429 2275 532 2340 coluit
552 2274 810 2339 familiarissime
835 2272 876 2338 (2.
892 2275 1101 2352 Sallustium,
1117 2280 1150 2339 et
1163 2295 1205 2340 eo
1220 2277 1277 2342 de·

174 2377 296 2455 functo,
322 2374 473 2441 Asinium
506 2375 709 2451 Pollionem,¹
730 2390 816 2459 quos
835 2374 1041 2440 ‘Historiam
1078 2394 1276 2459 componere

175 2497 357 2563 aggressos
372 2478 508 2543 alterum
522 2477 685 2543 breviario
710 2497 816 2543 rerum
842 2476 1080 2555 mmmmm,
1094 2498 1140 2543 ex
1154 2479 1277 2562 quibus

176 2600 259 2664 quas
278 2580 379 2646 vellet
391 2582 534 2664 eligeret,
549 2582 723 2659 instruxit;
747 2580 887 2646 alterum
900 2581 1083 2665 praeceptis
1098 2581 1139 2645 de
1152 2581 1277 2647 rationo

176 2684 326 2765 dicendi;
359 2704 427 2767 qno
448 2684 553 2767 magis
576 2686 675 2749 miror
695 2680 851 2748 Asinium
873 2680 1058 2747 Pollionem
1083 2681 1277 2762 credidisse,

175 2788 309 2871 antiqua
323 2806 398 2851 eum
413 2786 515 2851 verba
528 2793 561 2849 et
571 2784 692 2867 figuras
704 2776 837 2851 solitum
851 2803 924 2847 osse
939 2775 1092 2865 colligere
1107 2782 1276 2864 Sallustio,

176 2905 253 2952 cum
268 2889 354 2951 sciat
366 2906 441 2951 eum
455 2886 520 2950 sibi
541 2884 621 2951 nihil
636 2880 724 2951 aliud
738 2884 891 2964 suadere,
906 2904 1007 2968 quum
1022 2892 1059 2949 nt
1078 2891 1158 2950 noto
1170 2884 1277 2949 civili·

175 3008 240 3073 que
254 2994 286 3053 et
297 2990 432 3074 proprio
446 3007 594 3053 sermone
615 2992 738 3065 utatur,
753 2979 910 3069 'nitetque
931 2986 1077 3051 maxime
1092 2987 1276 3051 obscurita-

175 3096 239 3155 tem
254 3088 415 3167 Sallustii,
431 3096 464 3155 et
477 3088 653 3155 audaciam
668 3088 702 3153 in
717 3088 995 3153 translationibus.

531 3288 543 3303 ”
603 3274 646 3340 Et
659 3272 700 3339 de
714 3275 849 3339 Lenaeo.

218 3424 360 3491 Ieuaeus
382 3428 474 3493 tanto
497 3440 609 3489 amoro
632 3439 712 3503 erga
736 3418 867 3505 patroni
883 3414 1068 3503 (Pompeii)
1082 3417 1276 3485 memoriam

175 3526 292 3604 extitit,
322 3532 359 3589 ut
388 3522 584 3589 Sallustium
609 3517 828 3597 Historicum,
853 3519 943 3604 quod
970 3539 1047 3583 eum
1071 3520 1138 3583 oris
1169 3521 1275 3602 probi,

173 3629 285 3697 animo
307 3625 537 3711 inverecundo,
563 3624 765 3708 scripsisset,
790 3622 1007 3689 acerbissima
1031 3622 1133 3685 satira
1151 3620 1277 3685 lacera·

173 3730 269 3807 verit,
284 3729 477 3793 lastaurum¹
493 3734 526 3793 et
540 3725 706 3795 lurconem
726 3730 759 3789 et
781 3724 988 3799 nebulonem,
1012 3722 1277 3805 popinonemque

175 3826 361 3917 appellans,
385 3830 503 3894 atrita
526 3826 728 3911 scriptisque
747 3832 981 3901 monstrosum,
1008 3829 1169 3907 praeterea
1190 3822 1276 3906 pris·

173 3952 288 4001 corum
304 3932 507 4016 Catonisque
522 3933 694 3996 verborum
708 3928 1001 3995 ineruditissimum
1014 3925 1127 3991 furem.
1193 3918 1198 3927 ’

501 4169 513 4218 1
532 4166 591 4218 Vid.
603 4166 678 4218 Voss.
696 4136 843 4231 etymolog.
859 4178 886 4229 p.
896 4165 954 4213 281.

241 4274 362 4339 venas
375 4271 507 4323 iunctos
678 4270 776 4321 Sallust.
