3092 4884
261 366 306 429 20
769 378 856 426 vm

263 524 376 611 gessit.
420 524 461 588 ln
482 522 556 608 ipso
576 522 808 587 adolescentiae
830 522 957 602 ardore,
972 522 1099 591 videtur
1119 543 1161 590 ea
1174 522 1363 600 admisisse,

263 648 341 713 quae
357 632 514 691 aeternam
527 626 651 690 nomini
665 626 737 709 ejus
751 625 923 691 infamiam
938 627 1135 693 inusserunt.
1172 625 1224 691 Μ.
1242 626 1362 693 Vasso'

264 730 413 811 scriptor
436 726 663 809 gravissimus,
677 726 713 790 in
732 727 816 791 libro
838 746 937 809 quem
957 728 1174 812 inscripserat
1195 728 1291 807 Pius,
1306 734 1365 795 aut

263 830 305 893 de
333 827 437 905 Pace,
467 825 507 892 C.
536 826 730 892 Sallustium
764 828 800 891 in
835 827 991 893 adulterio
1027 829 1265 913 deprehensum
1288 846 1365 898 cum

265 926 402 1007 Fausta,
418 928 520 1012 Sylla
535 928 616 1005 lilia,
630 946 652 991 a
667 926 797 993 Milone
810 928 884 1011 ejus
897 930 968 993 viro
982 929 1061 994 ioris
1075 932 1363 1011 concessumst,

264 1050 343 1100 cum
355 1030 530 1114 pecuniam
544 1030 698 1108 dedisset,
714 1031 886 1095 dimissum
900 1030 1003 1096 lusisse
1017 1032 1175 1115 prodidit.

304 1130 458 1197 Attamen
472 1130 516 1197 A.
532 1131 578 1196 U.
594 1130 632 1195 C.
651 1134 778 1197 ncc11.²
791 1132 1010 1199 Tribunatum
1021 1132 1136 1198 Plebis
1146 1134 1288 1219 adeptus
1301 1142 1364 1214 est,

264 1241 412 1319 tempore
425 1253 491 1319 quo
504 1254 610 1318 usque
629 1234 721 1299 adeo
733 1235 865 1299 turbata
885 1239 955 1298 erat
969 1234 1187 1319 Respublica,
1201 1241 1240 1302 ut
1251 1256 1293 1302 eo
1304 1237 1364 1303 de-

265 1342 400 1403 ventum
413 1336 469 1413 sit,
485 1341 521 1400 ut
534 1334 597 1399 Cn.
614 1334 794 1419 Pompeius
816 1334 962 1417 Magnus
980 1334 1119 1414 Consul,
1142 1338 1212 1401 sine
1224 1338 1363 1421 collega,

266 1443 440 1503 crearetur.
484 1436 569 1501 Cum
589 1443 697 1501 autern
715 1435 816 1519 paulo
832 1440 909 1500 aute
924 1435 967 1501 T.
981 1433 1114 1501 Annius
1129 1437 1215 1502 Milo
1230 1437 1272 1503 P.
1288 1438 1365 1505 Clo-

266 1538 357 1603 dium
386 1537 574 1615 occidisset,
604 1536 849 1620 Pompeiusque
876 1537 983 1619 legem
1008 1537 1049 1601 de
1074 1539 1110 1601 vi
1133 1539 1272 1619 tulisset,
1296 1560 1365 1627 qma

264 1640 494 1705 instituebatur
519 1640 661 1722 quaestio
686 1638 727 1701 de
748 1657 790 1702 ea
813 1638 928 1719 caede3
949 1640 1130 1704 ruciacendi
1151 1644 1366 1707 occasionem

265 1750 384 1805 nactus
406 1740 592 1816 Sallustius,
608 1740 673 1804 sibi
696 1758 761 1805 non
783 1740 896 1809 defuit.
941 1740 1026 1805 Cum
1049 1741 1180 1805 duobus
1201 1744 1277 1809 aliis
1290 1744 1366 1809 tri·

268 1841 364 1905 bunis
389 1840 504 1905 Plebis
527 1840 774 1906 inimicissimas
800 1842 989 1919 conciones,
1005 1848 1041 1907 ut
1061 1845 1176 1907 scribit
1196 1842 1366 1911 Asconius

267 1940 434 2007 Pedianus
449 1942 482 2006 in
497 1940 669 2006 Ciceronis
684 1942 916 2022 Milonianam,
937 1945 978 2007 de
996 1943 1123 2009 Milone
1141 1945 1268 2023 babuit,
1281 1947 1366 2011 insi·

266 2042 378 2109 diosas
399 2042 499 2107 etiam
522 2041 564 2106 de
590 2040 761 2121 Cicerone,
789 2044 878 2127 quod
908 2044 1066 2110 Milouem
1094 2065 1224 2112 summo
1251 2047 1365 2114 studio

265 2142 470 2223 defenderem
493 2148 626 2225 eratque
645 2145 795 2209 maxima
815 2165 894 2229 pars
911 2147 1129 2212 multitudiuis
1151 2149 1280 2214 infensa
1296 2166 1366 2215 neu

266 2244 372 2309 selum
390 2242 521 2321 Miloni,
536 2244 595 2307 sed
614 2245 679 2327 ipsi
699 2245 811 2323 etiam,
825 2250 1120 2330 propteriuvisum
1132 2251 1365 2333 patrocinium

266 2343 428 2409 Ciceroni.
472 2342 596 2409 Postea
614 2349 725 2409 tamen
747 2365 823 2409 cnm
841 2347 883 2411 de
903 2352 1085 2415 accusandi
1098 2352 1211 2417 studio
1225 2354 1365 2419 mrdtmn

265 2445 446 2511 remisisset
464 2443 653 2525 Sallustius,
676 2447 712 2511 in
733 2450 923 2531 suspicione
941 2452 1005 2517 luit
1022 2453 1058 2516 in
1077 2454 1215 2535 gratiam
1227 2454 1366 2521 rediisse

267 2564 343 2611 cum
359 2546 487 2611 Milone
501 2554 535 2611 et
550 2546 719 2615 Cicerone.
890 2602 893 2608 .
1365 2608 1369 2613 .

310 2644 524 2724 Crediderim,
539 2647 631 2712 bisce
646 2651 861 2733 temporibus,
876 2655 1035 2737 scriptam
1048 2655 1154 2721 fuisse
1178 2656 1368 2730 Historiam

268 2744 471 2811 Catilinariae
498 2746 765 2831 Conjurationis3
789 2772 865 2817 cum
888 2754 1078 2836 Sallustius,
1100 2765 1222 2832 exacto
1245 2758 1365 2823 Tribu-

265 2851 365 2911 uatns
380 2854 536 2930 tempere,
551 2849 705 2931 privatus
719 2860 839 2936 ageret,
853 2875 915 2920 nec
929 2856 1080 2924 Ciceroni
1095 2866 1187 2925 esset
1196 2861 1365 2943 intensus3

265 2966 334 3013 rem
356 2949 440 3013 enim
461 2951 509 3013 ita
530 2956 649 3028 namet,
664 2958 700 3017 ut
721 2972 761 3017 ea
783 2954 873 3020 lecta
898 2958 1062 3037 Historia,
1077 2980 1174 3024 nemo
1196 2981 1263 3026 uon
1287 2966 1364 3027 acts

265 3045 436 3113 Ciceronis
451 3050 496 3113 sit
508 3052 716 3134 probaturus.
761 3054 860 3119 Forte
873 3066 906 3122 et
926 3059 1054 3123 Bedum
1072 3061 1314 3143 Iugurthinum,
1329 3069 1366 3129 et

266 3147 402 3227 Civilia,
418 3170 495 3234 quae
510 3151 544 3214 id
559 3153 704 3217 insecuta
718 3161 804 3232 sunt,
820 3157 953 3241 aliaque
973 3179 1047 3224 cum
1068 3163 1112 3225 iis
1130 3182 1293 3242 connexa,
1307 3184 1364 3230 eo·

266 3248 340 3312 dem
355 3250 412 3313 illo
428 3258 572 3334 tempore
587 3255 795 3338 conscripsit,
810 3265 868 3321 aut
881 3259 1049 3343 aliquanto
1063 3265 1239 3346 posterius.
1268 3264 1365 3331 Certe

265 3368 331 3413 non
345 3356 423 3415 sunt
436 3370 477 3414 aa
491 3354 613 3435 scripta
633 3353 777 3421 bominis
791 3358 1032 3442 adelescentis3
1058 3370 1261 3449 testaturque
1274 3369 1361 3451 ipse,

265 3450 362 3515 initio
383 3454 618 3537 conjurationis
641 3454 854 3539 Catilinariae,
870 3482 907 3526 se
928 3470 997 3527 mm
1018 3465 1149 3529 demum
1176 3468 1364 3532 Historiam

266 3568 454 3635 aggressum
478 3556 631 3633 scribere,
656 3558 738 3621 ‘ubi
761 3561 889 3626 animus
907 3583 951 3627 ex
974 3566 1085 3630 multis
1106 3569 1248 3631 miseriis
1263 3554 1363 3652 atqiie

266 3652 422 3735 paricidis
449 3657 620 3738 requievit,
648 3664 681 3723 et
704 3660 768 3726 sibi
792 3664 949 3746 reliquam
971 3675 1104 3732 aetatem
1129 3687 1151 3731 a
1173 3668 1363 3753 Republica

264 3756 380 3836 procul
406 3755 590 3821 habendam
618 3758 761 3825 decrevit
769 3762 801 3843 ;’¹
825 3766 914 3849 quod
945 3767 1003 3831 vix
1032 3777 1105 3833 ante
1130 3770 1363 3849 Tribunatum,

265 3873 361 3937 quem
373 3862 580 3926 armoaetatis
597 3876 677 3925 xer.
692 3869 804 3945 gessit,
820 3867 889 3929 tieri
904 3872 1037 3951 potuit..
1053 3870 1139 3935 {tum
1153 3890 1232 3935 vero
1246 3873 1363 3938 statuit

264 4118 282 4169 s
298 4044 312 4089 l
332 4038 407 4106 Apud
419 4042 480 4094 Aul.
492 4044 607 4093 Gellium
617 4056 687 4096 xvir.
699 4052 739 4097 18.
771 4048 839 4100 Vide
858 4056 887 4101 et
904 4058 1020 4102 veterem
1035 4054 1197 4106 Scholimteu
1212 4055 1318 4108 Horatii
1328 4056 1362 4107 sd

283 4126 320 4170 at.
332 4134 365 4173 ιι.
378 4128 401 4173 1.
1155 4142 1159 4149 ‘

524 4201 739 4279 2A.C.N.uu.
969 4212 1104 4277 acras.
