3092 4884
626 390 839 451 sanuusru.
1234 382 1281 454 ri

180 540 406 624 ingeniatum
429 544 572 627 proclivi
596 546 638 609 ad
662 547 778 611 luxum
793 549 866 626 fuit,
888 555 926 613 nt
951 555 1120 634 paternam
1134 551 1280 631 domum,

181 644 314 709 vivente
338 643 446 710 adhue
470 650 572 730 patre,
601 649 793 731 turpissima
813 652 939 715 ratione
963 652 1110 716 venalem
1135 655 1280 733 baberet,

182 744 270 829 quod
284 747 335 810 illi
350 749 434 811 inter
449 750 517 813 alia
531 750 614 813 vitia
629 772 650 814 a
667 751 716 816 M.
733 752 892 818 Cicerone
905 756 1134 837 exprobratur.
1179 756 1245 819 Sed
1258 774 1282 821 a

181 845 332 911 Varrone
344 850 446 913 etiam
460 856 493 913 et
508 848 618 915 Gellio
631 853 791 918 traditum·
801 860 863 931 est,
873 856 1014 921 eundem
1027 858 1130 922 fuisse
1144 858 1281 923 inadul-

181 952 263 1014 terio
279 950 519 1036 deprehensum
543 955 586 1019 ab
612 952 723 1019 Annio
748 954 885 1033 Milone,
909 959 1053 1041 lorisque
1078 979 1215 1037 caesum,
1238 980 1280 1025 ec

180 1052 261 1117 data
279 1054 630 1135 pecunie·dimissum;
654 1076 721 1139 qua
738 1059 870 1149 'ratione
881 1058 1005 1123 sactum
1018 1067 1082 1138 est,
1105 1068 1143 1126 ut
1158 1061 1210 1125 Μ.
1224 1061 1281 1126 Ci-

180 1172 257 1219 cero
271 1157 438 1240 appellare
457 1158 549 1221 illum
572 1176 638 1222 non
662 1157 873 1238 dubitaverit,
896 1180 1084 1225 mensarum
1106 1165 1280 1243 asseclam,

181 1257 407 1323 cubiculorum
434 1258 586 1343 pellicem
611 1266 644 1324 et
669 1260 865 1326 adulterum.
916 1263 1102 1345 Dignitates
1126 1266 1281 1349 publicas

180 1362 307 1442 gessit·
320 1369 353 1426 et
376 1368 566 1447 queestnrae,
592 1370 626 1427 et
645 1364 829 1428 tribunatus
850 1365 1005 1430 bonorem
1019 1374 1193 1433 assecutus
1217 1375 1279 1447 est,

180 1461 240 1526 sed
254 1459 347 1528 nulla
361 1465 495 1549 quidem
514 1464 624 1541 laudo,
648 1470 706 1528 aut
720 1464 1012 1544 commendatione,
1036 1466 1121 1533 adeo
1134 1469 1281 1534 lubidine

180 1564 301 1646 magis,
325 1586 426 1652 quam
439 1568 576 1645 ratione,
600 1573 634 1632 et
656 1568 838 1651 publicent
860 1569 1018 1651 privatim
1031 1572 1135 1635 vixit:
1157 1575 1282 1634 namet

180 1664 225 1729 ad
243 1667 398 1751 judicum
413 1670 569 1733 subsellia
584 1670 780 1745 abstractae,
803 1667 935 1754 ibrtuna
947 1680 1095 1735 extrema
1107 1671 1160 1757 (ut
1174 1672 1282 1755 inquit

182 1764 320 1853 cicero)
343 1770 442 1835 stetit.
487 1770 641 1835 Scribunt
665 1777 777 1835 eutem
802 1774 1020 1852 grammatici,
1046 1792 1088 1838 ea
1109 1774 1151 1838 de
1176 1792 1282 1837 causa

181 1876 297 1935 senatu
323 1870 466 1954 ejectum
491 1872 629 1937 fuissea
652 1874 856 1951 censoribus,
883 1875 971 1957 quod
997 1877 1119 1958 ingenti
1143 1875 1281 1939 libidine

179 1979 348 2038 matronas
363 1980 615 2040 consectaretur.
659 1974 747 2040 Illud
767 1994 899 2059 quoqne
913 1976 955 2040 de
970 1976 1130 2041 Sallustio
1142 1977 1282 2043 relatum

180 2080 244 2153 est,
258 2076 444 2160 patrocinio
459 2082 491 2141 et
505 2076 618 2141 lavore
634 2074 674 2140 C.
689 2074 835 2142 Caesaris
851 2088 1061 2143 consecutum
1075 2078 1179 2143 fuisse
1193 2098 1280 2162 prpe·

179 2184 288 2243 turam
303 2176 429 2245 Africae
444 2180 613 2256 inferioris,
636 2184 760 2263 exque
774 2164 870 2244 dives
884 2179 1002 2257 sactus,
1018 2201 1094 2245 cum
1107 2181 1142 2244 in
1156 2179 1282 2245 Urbem

179 2278 310 2360 rediret,
326 2280 586 2365 pretiosissimos
599 2281 712 2346 hortos
727 2283 762 2345 in
773 2283 904 2365 regione
916 2282 959 2345 ad
975 2282 1105 2346 Malum
1117 2282 1280 2347 Punicum

180 2384 399 2469 comparavit,
424 2402 464 2449 ac
489 2384 621 2450 Tiburti
637 2385 762 2463 villam,
789 2404 866 2469 quie
881 2403 903 2448 a
923 2383 1082 2449 Cicerone
1096 2384 1211 2449 itidem
1232 2386 1282 2449 illi

181 2486 393 2570 objiciuntur.
440 2484 558 2570 Neque
572 2486 700 2565 desunt,
716 2489 773 2571 qui
789 2487 933 2550 scribant
946 2486 1136 2551 Terentiam
1159 2486 1208 2553 M.
1224 2486 1281 2551 Ci-

180 2590 309 2653 ceronis
334 2608 473 2654 uxorem
496 2590 538 2652 ab
560 2608 600 2653 en
621 2588 841 2673 repudiatam,
869 2588 1025 2653 Sallustio
1050 2590 1213 2674 nupsisse,
1240 2608 1281 2652 ac

180 2672 336 2775 tieirrceps
352 2690 509 2755 Messalae
533 2674 688 2768 Corvino,
714 2690 788 2753 viro
811 2688 1056 2773 ineloquentia
1078 2691 1281 2755 clarissimo:

181 2790 271 2877 quod
299 2794 399 2857 etiarn
425 2814 487 2857 suo
514 2794 590 2858 loco
620 2792 824 2876 scripsimus.
875 2789 1056 2856 Sciendum
1084 2800 1147 2872 est,
1174 2793 1280 2858 fuisse

180 2890 291 2979 plures
306 2892 501 2961 Sallustios:
524 2899 647 2961 namet
670 2894 781 2961 Cneus
797 2916 818 2959 a
835 2894 885 2958 M.
905 2894 1018 2959 Tullio
1030 2896 1224 2974 celebratur,
1247 2896 1282 2961 iu

182 2982 417 3062 sallustiorum
432 2997 557 3063 familia
570 3000 720 3081 insignis,
743 3006 778 3064 et
792 2998 843 3062 M.
859 2997 1025 3077 Ciceroni,
1040 2988 1158 3063 ac'Cu.
1179 2998 1281 3063 Pom·

182 3100 261 3182 peio
286 3100 433 3163 maxime
457 3100 648 3165 familiaris:
682 3100 772 3183 quod
798 3120 843 3164 ex
868 3101 910 3164 iis
933 3100 1082 3184 epistolis
1105 3099 1281 3183 colligitur',

181 3220 269 3286 quas
296 3201 413 3267 Cicero
443 3203 486 3267 ad
501 3201 734 3286 'Pomponium
758 3200 909 3267 Atticum
933 3202 1064 3267 scribit:
1096 3222 1163 3286 qua
1185 3204 1221 3265 in
1246 3222 1282 3266 ro

181 3305 402 3388 imprudenter
428 3304 563 3389 quidam
577 3305 707 3388 decepti
729 3311 818 3381 sunt,
844 3324 921 3368 cunr
944 3302 1095 3367 Sallustii
1117 3304 1283 3387 Empedo-

182 3406 256 3471 clea
269 3407 462 3488 ignorarent,
478 3411 515 3469 ut
530 3406 610 3472 alibi
626 3406 858 3470 demonstravi.
895 3405 992 3483 Sunt,
1007 3407 1065 3489 qui
1079 3407 1221 3485 tradant,
1237 3407 1282 3473 ad

182 3526 304 3573 annum
328 3508 508 3573 secundum
532 3514 565 3573 et
592 3526 656 3573 nx.
680 3530 754 3573 cum
779 3508 919 3585 vixisse,
945 3510 1035 3572 etin
1058 3509 1166 3592 patria
1187 3511 1282 3574 annis

182 3612 313 3695 aliquot
337 3616 413 3694 post
435 3611 561 3674 obitum
585 3610 624 3675 C.
649 3610 795 3676 Caesaris
820 3612 907 3675 diem
929 3618 1113 3675 extremum
1139 3613 1282 3676 obiisse:

180 3712 271 3797 quod
291 3732 335 3776 ox
359 3718 505 3776 veterum
527 3714 768 3778 commentariis
792 3712 964 3794 colligitur.
1009 3712 1099 3775 Illud
1118 3720 1282 3797 praeterea

181 3814 222 3878 de
244 3815 308 3879 boc
330 3816 405 3899 ipso
429 3814 549 3898 Crispo
572 3814 691 3881 Romae
713 3816 941 3880 circumlatum
961 3822 1024 3892 est,
1046 3821 1084 3879 ut
1102 3816 1198 3881 multi
1217 3822 1282 3881 tes·

180 3926 311 3987 tantur:

266 4022 339 4089 Hic
354 4024 423 4102 erit,
435 4030 472 4089 ut
483 4022 653 4107 perhibent
665 4023 836 4087 doctorum
849 4019 951 4085 eorda
965 4020 1119 4099 virorum,

356 4124 492 4212 Crispus
507 4124 659 4190 Romana
671 4124 797 4209 primus
811 4122 847 4186 in
862 4120 1025 4188 Historia.
