3092 4884
243 382 311 451 soa
593 400 627 449 c.
649 396 772 448 cursor
795 396 994 447 senuusnrr

209 546 215 558 '
245 562 323 624 sns;
344 561 464 626 magna
476 542 582 626 gloria
594 541 856 607 concurrentium
874 538 1017 621 undique
1031 535 1125 603 virile
1136 542 1170 603 et
1180 536 1343 603 muliebre

244 652 375 721 secus,'
387 664 446 729 per
458 644 533 709 vias
547 663 587 708 ac
602 649 690 708 tactu
702 644 848 707 omniurn
864 641 1038 704 visebatur.
1083 638 1168 703 Cum
1195 644 1345 723 quaestor

245 744 286 810 G.
299 744 444 809 Urbinus
462 745 596 828 aliique,
618 746 750 825 cognito
769 741 949 818 voluntate,
964 760 1039 830 eum
1053 740 1096 803 ad
1112 759 1244 805 coenum
1256 738 1343 804 inri-

245 851 394 911 taverant
403 867 412 925 3
421 846 510 909 ultra
516 844 752 920 Romanorum,
759 848 793 907 et
805 842 992 907 mortalium
1000 842 1100 906 etium
1112 861 1236 906 morem
1250 860 1345 905 curu·

245 947 343 1011 hant:
366 947 536 1010 exornatis
550 944 681 1009 aedibus
705 964 766 1027 per
789 943 912 1007 uulaea¹
937 948 971 1007 et
993 943 1144 1025 iusignia,
1166 942 1343 1023 scenisque

246 1047 289 1110 ad
304 1048 552 1111 ostentationem
574 1047 768 1112 histrionum
782 1045 966 1111 fabricetis:
989 1044 1086 1109 simul
1099 1051 1210 1109 crocoy
1224 1059 1344 1125 sparsa

245 1148 375 1224 humus,
397 1153 432 1212 et
456 1148 535 1224 alia,
560 1147 594 1211 in
619 1148 752 1211 modum
774 1146 887 1229 templi
917 1146 1132 1209 celeberrimi.
1176 1144 1344 1208 Proeterea

246 1269 323 1314 cum
337 1249 459 1314 sedenti
473 1257 660 1314 transenna·
682 1249 860 1313 demissum
873 1247 1022 1311 victoriae
1044 1247 1253 1311 simulacrum
1266 1264 1343 1309 erun

246 1350 435 1415 machinato
458 1352 596 1436 strepitu
623 1352 799 1416 tonitruum
824 1368 979 1415 coronam
1004 1347 1105 1430 cupiti
1128 1347 1343 1429 imponebat:

247 1451 470 1514 tumvenienti
483 1450 576 1515 thure
597 1451 695 1534 quasi
723 1451 793 1515 Deo
818 1450 1078 1534 supplicabatur.
1120 1446 1215 1529 Toga
1239 1448 1346 1531 picta·

246 1552 442 1634 plerumque
465 1550 620 1615 amiculob
645 1554 715 1615 erat
740 1552 772 1615 ei
798 1550 1024 1615 accumbenti:
1046 1548 1153 1631 epulae
1181 1548 1346 1631 quaesitis·
1416 1552 1422 1563 ‘

247 1652 365 1716 simae:
385 1671 492 1735 neque
505 1672 564 1736 per
578 1671 707 1716 omnem
716 1653 819 1717 modo
830 1652 1042 1735 provinciam,
1056 1650 1115 1713 sed
1126 1656 1213 1713 trans
1226 1650 1345 1726 marie,

248 1772 293 1817 ex
305 1750 508 1817 Mauritania
530 1752 701 1817 volucrum
724 1757 758 1817 et
782 1752 921 1817 ferarum
947 1752 1113 1833 incognita
1138 1756 1236 1815 antea
1249 1750 1346 1833 plura

247 1873 381 1937 genera:
404 1854 526 1937 quibus
548 1856 645 1919 rebus
670 1854 873 1937 aliquantam
885 1858 1014 1938 partem
1027 1852 1139 1935 gloriae
1160 1849 1345 1928 demiserat,

247 1956 393 2019 maxime
408 1954 497 2037 apud
511 1961 636 2020 veteres
656 1960 689 2019 et
713 1954 960 2031 sanctosviros,
979 1953 1123 2035 superba
1136 1951 1206 2029 illa,
1220 1953 1345 2034 gravia

248 2054 382 2137 indigna
397 2054 465 2118 lt:
455 2074 595 2138 impetro
607 2056 844 2121 emetrmantes
869 2052 1015 2119 Macroh.
1028 2050 1133 2117 Satur
1144 2054 1166 2119 l
1183 2070 1239 2119 ιιι.
1250 2072 1280 2117 c.
1291 2053 1346 2119 13.

250 2151 382 2220 Nonius.
399 2154 567 2240 Sosipater.
589 2158 650 2222 l·.1

293 2257 474 2374 Ruuntque
499 2278 578 2342 para
603 2277 722 2342 magna
749 2257 899 2335 suismet,
927 2262 985 2323 aut
1009 2256 1234 2341 proximorum
1260 2256 1348 2335 telis,

249 2359 348 2424 ceteri
361 2360 434 2425 vioe
443 2379 603 2444 pecorum
615 2361 902 2426 obbuncabautur.
949 2356 1080 2425 Nouius.

293 2458 472 2525 Occurrere
495 2460 584 2539 duci,
609 2466 642 2525 et
662 2462 816 2545 praehum
841 2458 1032 2539 accendere,
1046 2459 1132 2526 adeo
1150 2460 1199 2524 uti
1212 2456 1349 2524 Metello

249 2561 284 2624 iu
298 2570 439 2643 sagum:
453 2561 622 2627 Hirtuleio
641 2562 676 2626 in
688 2563 861 2628 brachium
876 2564 941 2628 tela
954 2563 1108 2627 venirent.
1152 2558 1250 2625 Idem.

294 2658 493 2748 Auitliaque‘¹
507 2663 566 2741 ita,
581 2666 787 2749 promtisque
798 2664 951 2742 ducibus,
966 2663 1014 2730 uti
1031 2662 1185 2729 Metellus
1199 2661 1268 2728 ictu
1282 2666 1350 2729 tra-

251 2762 351 2845 gulae·
364 2765 579 2831 aaucimetnr.
624 2761 725 2830 ldeuu.

745 2956 855 3011 Nom

285 3088 301 3113 '¹
312 3080 395 3145 Sem]
428 3081 461 3132 ld
471 3089 521 3148 eet,
538 3099 622 3136 uma.-
646 3091 724 3151 utque
742 3087 782 3137 itu
822 3086 1069 3151 toriucnmpalmir
1081 3084 1352 3150 intextuuhuberetnt

252 3163 355 3209 ueteres
372 3157 473 3209 locutos
490 3173 547 3210 esee
565 3161 653 3211 multis
668 3168 696 3212 et
715 3162 782 3213 hene
821 3163 1035 3229 placetlridoro:
1052 3162 1094 3213 vel
1108 3160 1351 3228 potinudetognb

252 3236 417 3300 persequitur
429 3236 540 3300 Carrio„
822 3237 939 3289 Etruscis
947 3236 1171 3302 unmtapurpurei
1181 3238 1352 3302 celorineuro

284 3309 405 3372 ‘autad
421 3309 490 3361 Gull.
515 3312 717 3376 mummia.
822 3313 956 3377 distincta,
972 3328 988 3363 a
1008 3313 1223 3379 triumphantibus
1239 3314 1294 3379 geri
1310 3328 1352 3365 eo·

284 3385 389 3448 rcum]
404 3384 782 3452 Euminorloribuubebebaut,
821 3390 877 3441 lite.

252 3460 782 3529 etldeoaquudiluebunt;nudeabApu-
853 3466 996 3531 tem]
1031 3468 1063 3519 lo
1077 3476 1138 3534 eut,
1162 3470 1212 3519 tm
1236 3468 1354 3534 ι1ηι11ὠ

251 3536 304 3586 leto
323 3538 416 3599 ιιιοηιι,
435 3552 451 3586 ι
469 3539 569 3589 Seneca
583 3542 693 3590 edm
707 3540 783 3590 tuter
821 3548 904 3605 tege,-
919 3558 1128 3611 numenquuque
1138 3544 1353 3597 amiculinomiue

252 3612 356 3663 dieitur.
390 3612 512 3677 Optimus
531 3630 564 3664 ex
583 3615 676 3665 Cilicia
695 3615 782 3666 mitte·
821 3618 981 3682 intelligitur.

252 3688 345 3749 batur;
361 3688 574 3755 hincliurtiuliu,
853 3692 978 3759 εΒιιςιιιιι]
1008 3694 1199 3745 vestimentum
1216 3701 1272 3745 erut
1286 3693 1353 3745 uuili·

251 3829 258 3838 .
285 3764 749 3818 EtCiticeeaiurtiehtcnuduereuuiu.
822 3766 1157 3821 tureussnllismutnatum.

284 3840 456 3927 'ironeam
481 3842 586 3892 Seruius
596 3841 781 3893 extensumin
853 3842 1016 3908 tenueque]
1049 3844 1138 3895 Donzu
1155 3845 1198 3894 bic
1215 3844 1352 3909 depugna

252 3926 322 3979 nem,
345 3916 386 3965 No
371 3915 445 3965 onina
467 3914 606 3967 tenutam
628 3917 782 3984 interprete·
823 3918 980 3982 ugicredit,
973 3918 1354 3984 insiguntiniscaurpieuser·

253 3994 306 4042 tur.
825 3994 892 4043 torio
913 3995 1059 4054 commissu,
1078 3995 1106 4044 in
1126 4010 1177 4061 que
1195 3995 1319 4047 Metellus
1336 4008 1354 4045 e

287 4066 390 4131 ·Pictu]
422 4068 622 4133 intellegendum
634 4070 676 4119 uel
686 4068 720 4119 de
731 4069 784 4133 pal
824 4071 940 4123 Sertorio
949 4072 1079 4123 ueneratus
1090 4078 1138 4123 ert.

254 4149 418 4210 autequam
426 4145 784 4212 merebmtnrhqutdebou-
855 4146 1000 4213 Melo]
1022 4148 1113 4201 Genus
1121 4146 1227 4213 eutteli,
1236 4144 1354 4205 nutum

255 4216 326 4269 dhus
340 4220 439 4285 ιιιΙιιιιι
456 4220 784 4290 reportabuntquodrie·
823 4220 986 4277 &achate
