3092 4884
541 428 693 479 tuorem
718 428 764 475 nr
787 427 1031 477 rnsrruonrs.
1275 414 1319 477 41

218 575 338 660 ltaque
352 576 426 661 ipse
442 574 570 654 Coesar,
584 575 751 658 ceteroqui
765 573 901 638 minime
926 575 978 637 sui
1002 577 1191 652 contemtor,
1219 572 1320 639 Com·

217 678 393 741 ruentarios
407 677 578 761 inscripsit
591 695 655 740 uon
669 674 853 752 Historias,
877 678 910 737 et
931 675 995 739 boc
1018 674 1093 757 ipso
1115 674 1248 740 laudem
1262 696 1319 741 ve-

217 797 286 843 ram
309 780 436 854 meruit,
460 778 548 862 quod
574 777 691 841 falsam
721 778 873 841 affectare
899 778 1081 843 contemsit.
1138 778 1219 843 Jam
1239 798 1318 842 vero

219 882 373 964 princeps
389 880 635 945 Historicorum
650 880 744 945 audit
757 880 897 959 Livius3
928 880 959 942 si
971 881 1225 963 magnitudinem
1237 900 1318 965 ope-

217 984 262 1045 ris
276 987 310 1047 et
321 984 513 1048 varietatem
528 1002 633 1045 rerum
649 986 853 1065 spectamine,
867 986 964 1045 recte.
1008 982 1076 1048 Sed
1091 988 1199 1047 tamen
1212 981 1318 1067 (quod

217 1103 306 1148 more
326 1085 486 1169 majorum
508 1079 624 1166 liceat)
646 1102 667 1147 a
693 1084 782 1148 Livii
805 1085 946 1148 lectione
973 1104 1102 1167 semper
1125 1086 1319 1150 commotior

216 1188 354 1263 surrexi,
369 1205 434 1249 non
449 1204 577 1269 semper
589 1186 714 1262 melior,
740 1193 798 1251 aut
821 1185 863 1251 ad
884 1188 964 1252 vitae
988 1207 1086 1252 casus
1111 1188 1316 1251 instructior:

218 1286 396 1353 Sallustius
411 1306 497 1351 unus
510 1306 555 1351 ex
571 1303 654 1351 vrrr.
669 1288 747 1351 viris
762 1288 829 1352 illis
843 1295 904 1366 est,
925 1290 982 1371 qui
1008 1288 1145 1353 feliciter
1159 1306 1318 1354 consecu-

217 1395 270 1453 tus
283 1387 413 1453 videtur
426 1390 499 1452 baec
515 1389 647 1471 omnia;
677 1396 712 1454 et
730 1408 841 1473 quem,
857 1391 886 1453 si
901 1392 966 1453 mei
982 1392 1108 1456 arbitrii
1132 1410 1185 1455 res
1209 1392 1263 1469 sit,
1284 1393 1319 1459 in

215 1490 280 1583 boc
295 1492 399 1555 lustro
414 1490 593 1575 principem
616 1495 747 1556 senatus
766 1492 914 1557 historici
937 1493 1045 1575 legere
1063 1514 1129 1558 non
1151 1493 1316 1573 dubitem3

215 1611 293 1656 nam
308 1594 406 1657 ceteri
423 1592 579 1676 deinceps
594 1594 754 1657 minorum
769 1594 866 1677 quasi
882 1595 1025 1676 gentium
1039 1595 1200 1672 historici,
1215 1614 1317 1679 quan-

215 1701 283 1759 tum
306 1712 327 1758 a
350 1696 555 1778 superiorum
578 1702 686 1776 aetate,
703 1702 830 1761 tantum
853 1702 887 1760 et
911 1716 932 1761 a
954 1697 1054 1761 leude
1069 1697 1229 1775 emerunt,
1248 1697 1317 1761 nisi

216 1795 308 1879 quod
331 1796 522 1862 admirabile
547 1804 608 1875 est,
623 1806 782 1881 quantum
795 1799 878 1863 inter
892 1800 975 1863 istos
987 1818 1073 1862 unus
1088 1798 1229 1862 excellat
1243 1800 1317 1863 imi·

216 1904 303 1961 tator
316 1897 466 1964 Sallustii
481 1900 580 1965 Corn.
601 1900 752 1977 Tacitus,
778 1902 866 1965 omni
889 1901 1010 1965 virtute
1033 1900 1178 1983 antiquis
1203 1900 1317 1983 proxi·

214 2018 299 2077 mus,
310 1998 410 2082 longo
424 2002 556 2085 quidem
571 2002 753 2079 intervallo,
768 2002 828 2067 sed
843 2007 950 2067 tamen
964 2002 1146 2085 proximus.

594 2173 789 2239 Ludovious
812 2172 939 2238 Carrio.

259 2304 408 2385 Quarum
421 2326 530 2370 rerum
542 2327 603 2390 ego
617 2308 766 2371 maxima
780 2306 854 2371 haec
868 2308 1071 2370 documenta
1084 2304 1203 2383 babeo,
1226 2304 1315 2389 quod

213 2408 377 2491 prioribus
403 2408 468 2470 illis
493 2408 707 2491 temporibus,
723 2406 875 2472 Licinius
898 2406 1024 2484 Macer,
1049 2406 1175 2471 Fabius
1191 2406 1315 2487 Pictor,

213 2507 358 2586 lbbero,
379 2508 534 2586 Hemina,
550 2507 705 2573 Valerius
725 2508 857 2586 Antias,
882 2506 1043 2571 Claudius
1056 2506 1314 2591 Quadrigarius,

215 2610 353 2689 Caelius,
368 2610 519 2687 Sisenna,
537 2611 593 2675 alii
607 2630 715 2675 rerum
730 2617 916 2676 nostrarum
931 2615 1101 2693 suctores3
1128 2611 1328 2693 posteriori·-

214 2710 276 2775 bus
290 2710 332 2776 Τ.
348 2711 475 2789 Livirrs,
490 2710 618 2793 Trogus
630 2711 827 2795 Pompeius,
838 2711 880 2785 C,
896 2711 1036 2788 Plinius,
1052 2709 1152 2775 Coro.
1163 2711 1313 2789 Tacitus,

213 2814 318 2898 etqui
332 2813 458 2897 primus
472 2820 530 2877 out
541 2814 573 2877 iu
589 2816 703 2896 primis
719 2822 781 2893 est,
798 2813 837 2880 C.
853 2814 1034 2879 Sallustius
1050 2812 1190 2895 Crispus
1213 2812 1313 2877 ferme

214 2914 257 2978 ab
272 2915 374 2997 stirpe
388 2914 587 2979 interierunt.

733 3086 798 3153 Et:

257 3222 438 3288 Nemeum
457 3216 655 3307 scriptorem
667 3222 835 3305 inprimis
858 3241 922 3303 ego
943 3219 1140 3303 praeclanun
1154 3216 1312 3283 existimo

214 3324 389 3389 verborum
403 3331 503 3410 alque
518 3324 748 3391 sententiarum
761 3322 933 3387 breuitate.
1014 3332 1020 3340 '
