3092 4884
29 3640 37 3693 l

29 3721 35 3771 l

665 322 876 377 SABLUS'PH.
1272 314 1317 380 ὦ

214 466 415 547 Pollionem,
428 470 462 535 ei
484 468 585 535 ‘nihil
599 467 691 533 alind
704 467 887 548 mamea:
908 474 946 537 ut
963 468 1111 555 prodidit
1124 470 1315 555 Suetonius,

215 573 340 652 ‘qnam
354 577 394 637 ut
407 566 499 650 noto,
521 571 689 654 civilique,
704 576 738 635 et
751 571 888 655 proprio
901 578 1216 652 sermoneuteretur,
1229 576 1316 643 vita·

213 678 329 755 retque
343 674 492 739 maxime
506 674 739 739 obscuritatem
752 680 786 737 et
799 673 973 742 audaciam
982 674 1018 737 in
1028 675 1316 745 unuslatlonibns.'

216 770 382 839 Credibile
404 782 456 841 est
478 774 671 843 Sallustium
688 794 730 840 ea
749 796 785 841 re
799 777 993 859 gravitatem
1007 777 1084 861 styli
1098 784 1268 863 captasse,
1281 783 1317 846 et

213 875 401 959 priscorum
415 876 544 943 illorum
560 874 786 943 Romanorum
794 897 979 943 sermonem
989 878 1165 957 imitatum,
1175 898 1314 963 quornm

214 978 361 1043 moribus
370 986 442 1045 erat
450 978 745 1056 dissimillimum
752 980 927 1062 flagitiosae
934 980 1013 1045 ritae
1022 980 1174 1047 maculas
1181 979 1314 1064 elueret,

211 1080 492 1165 persuaderetque
515 1081 570 1158 iis,
595 1082 715 1165 quibus
740 1082 822 1147 satis
845 1088 947 1147 notus
960 1101 1027 1148 non
1040 1086 1121 1161 erat,
1144 1063 1227 1149 salsa
1241 1100 1315 1147 esse

212 1181 336 1259 omnin,
352 1200 430 1265 quae
445 1184 486 1246 de
500 1182 558 1247 illo
572 1183 681 1247 minus
694 1181 832 1247 honesta
840 1183 1063 1267 jactabantur.

256 1280 383 1348 Verum
403 1283 457 1349 hae
480 1290 568 1349 artes
588 1282 674 1349 belk
694 1283 816 1348 homini
836 1303 903 1349 non
927 1291 1107 1363 oesserum,
1128 1304 1206 1351 nam
1225 1302 1313 1359 anno

212 1382 257 1451 U.
273 1382 312 1449 C.
329 1394 464 1451 nccrv.¹
489 1385 585 1451 Coss.
602 1386 642 1451 L.
667 1384 806 1451 AEmilio
821 1386 945 1453 Paullo
958 1395 992 1452 et
1006 1386 1046 1453 C.
1062 1387 1207 1455 Claudio
1221 1386 1313 1455 Mar·

209 1486 307 1567 cello,
329 1476 469 1574 'Appius
496 1488 655 1553 Claudius
681 1488 824 1553 Pulcher
852 1488 990 1567 Cermor,
1018 1510 1085 1557 non
1112 1495 1313 1575 repugnante

210 1586 351 1671 Collega
371 1589 411 1656 L.
437 1589 643 1675 Galphurnio
666 1589 801 1668 Pisone,
828 1611 941 1657 omnes
960 1592 1143 1669 libertinos,
1164 1590 1313 1656 ntdooet

204 1690 283 1781 ⁸Dio
291 1690 368 1757 Lib·
380 1709 445 1763 xe.
457 1694 579 1759 multos
588 1694 688 1757 etiam
698 1692 871 1770 nobilium,
882 1695 1075 1776 atqueinter
1085 1712 1145 1758 eos
1156 1691 1312 1776 Crispum

210 1792 415 1871 Sallustium,
425 1796 484 1877 qni
500 1794 686 1859 Historiam
697 1796 908 1878 conscripsit,
920 1795 1043 1861 Senatu
1053 1795 1163 1879 eiecit.
1187 1821 1191 1829 ’
1208 1790 1311 1873 Quod

209 1892 345 1973 iactum,
369 1896 400 1961 si
422 1898 586 1963 veteribus
600 1894 849 1961 Grammaticis²
870 1894 1046 1973 credimus,
1069 1902 1206 1978 propter
1218 1893 1312 1977 adul·

209 1995 313 2076 teria;
334 1996 453 2061 dicitur
466 1998 553 2063 enim
567 1996 612 2061 ab
627 1996 668 2060 iis
683 1995 871 2062 ‘Sidustius
884 2001 976 2064 tanto
989 1995 1105 2061 ardore
1115 1995 1312 2061 insanivime

210 2092 246 2159 in
261 2096 441 2174 libertinas,
462 2102 586 2180 quanto
599 2097 750 2161 moechum
765 2098 801 2161 in
814 2102 994 2174 matronas,
1019 2096 1111 2181 quod
1124 2116 1200 2162 curn
1214 2096 1263 2163 illi
1276 2096 1312 2164 in

210 2198 331 2263 Senatu
354 2218 376 2263 a
390 2196 590 2263 Censoribus
615 2198 784 2282 objectum
805 2204 904 2277 esset,
927 2200 1099 2282 respondit
1111 2218 1149 2263 se
1161 2218 1228 2265 non
1240 2216 1311 2267 rna·

207 2304 385 2377 nonarum,
416 2299 477 2365 sed
505 2299 732 2364 libertinarum
759 2306 954 2365 sectatorem
982 2318 1068 2367 esse.
1122 2298 1245 2379 Quare
1263 2320 1310 2367 ex

206 2400 354 2479 Senam,'
367 2402 527 2487 inquiunt,
554 2402 699 2488 ‘ejectus
719 2400 794 2469 est!
836 2402 916 2467 Hoc
929 2422 1063 2487 quoque
1083 2404 1116 2467 ei
1128 2402 1310 2486 exprobrat

202 2513 404 2589 personatus
434 2504 489 2571 ille
518 2502 660 2581 Cicero,³
690 2505 748 2588 qui
770 2503 1021 2569 Declamatioue
1043 2504 1078 2567 in
1099 2503 1174 2587 ejus
1200 2518 1310 2569 mores

209 2606 359 2670 invectim
373 2612 435 2671 est.
478 2605 574 2671 Idem
583 2625 646 2670 nos
654 2605 762 2685 docet,
772 2610 953 2690 postquam
963 2604 1127 2670 Censores
1138 2604 1307 2683 Senatum,

206 2726 298 2771 more
311 2708 471 2792 majorum
486 2708 651 2791 legissent,
676 2727 843 2791 nusquam
862 2713 1075 2792 conspectum
1093 2726 1168 2771 esse
1182 2705 1310 2773 Sallus-

207 2808 290 2873 tium
304 2808 437 2887 Romae,
452 2810 703 2895 suspicaturque
717 2816 787 2875 tum
801 2829 838 2874 se
861 2808 1068 2893 ‘conjecisse
1084 2810 1119 2872 in
1132 2826 1174 2872 ea
1188 2811 1309 2883 casm,

206 2930 275 2999 quo
299 2912 406 2975 omnis
433 2912 561 2975 sentina
584 2909 797 2996 Reipublicae
824 2909 1057 2992 confluxerat3’
1092 2910 1157 2975 hoc
1182 2913 1245 2987 est,
1273 2906 1310 2969 in

205 3010 354 3079 Galliam
377 3012 422 3077 ad
448 3012 619 3079 Caesarem
644 3033 681 3078 se
704 3014 894 3080 conudisse.
939 3011 1019 3077 Non
1032 3011 1213 3076 minoribns
1227 3026 1308 3072 cou-

205 3115 316 3181 riciist
335 3134 412 3181 eum
426 3115 608 3197 exagitavit
630 3114 783 3193 leneus,
806 3112 960 3196 Pompeii
973 3111 1090 3192 Magni
1102 3110 1250 3187 libertus,
1264 3127 1308 3175 cx

204 3236 314 3282 amore
337 3237 415 3301 erga
436 3218 569 3302 patroni
592 3218 796 3294 memoriam,
821 3232 921 3298 quem
934 3212 1114 3281 Sallustius
1129 3212 1309 3295 scripserat

206 3321 292 3385 ‘oris
302 3320 409 3404 probi,
421 3320 532 3385 animo
540 3319 758 3385 inverecundo
768 3316 896 3383 luism'
941 3314 1024 3381 Ideo
1033 3315 1308 3403 Iaenaeuspnstea

202 3420 413 3499 Historicum
424 3425 571 3485 nostrum
586 3420 819 3487 ‘acerbissima
825 3416 958 3497 Satira,'
966 3423 1002 3483 ut
1012 3417 1112 3483 docet
1120 3416 1307 3490 Suetonius,

201 3525 216 3579 .‘
224 3520 407 3599 laceravit,'
420 3521 603 3587 lastaurum
617 3530 651 3589 et
664 3523 829 3591 lurconem
842 3523 877 3585 et
887 3520 1078 3587 nebulonem
1090 3519 1307 3602 popinonem-

205 3644 268 3708 que
296 3624 479 3708 appellans,
507 3630 541 3689 et
567 3626 638 3691 vita
660 3626 863 3709 scriptisque
888 3627 1121 3699 monstrosum,
1147 3624 1307 3703 praeterea

205 3728 401 3811 priscmum,
439 3726 644 3813 Catonisque
670 3728 842 3793 verbemm
869 3724 1163 3793 ineruditissrmum
1190 3721 1304 3787 iurem.

205 3826 283 3908 Qua
307 3849 352 3895 ex
373 3832 562 3909 occasione,
588 3830 637 3897 sic
661 3830 701 3897 de
723 3828 890 3913 Pompeio
908 3828 1097 3911 scripsisset
1110 3822 1303 3908 Sallustios,

299 4070 313 4119 l
332 4066 365 4119 Α.
377 4065 438 4117 Cirr.
451 4066 485 4119 N.
498 4078 522 4116 ι.
651 4068 668 4117 8
684 4064 771 4117 sumr.
780 4062 872 4115 istst.
881 4077 903 4115 r.
915 4067 940 4114 ².
951 4060 1066 4113 Hermi.

299 4150 315 4199 t
335 4146 400 4212 unp.
411 4154 436 4199 t.
448 4154 477 4201 et
487 4150 513 4199 t.
651 4150 668 4197 t
683 4144 823 4199 Suetonius
832 4143 867 4195 de
877 4144 973 4197 illeso.
983 4144 1100 4197 tim·
1111 4152 1169 4205 erp.
1179 4142 1219 4191 li.
