3092 4884
260 388 326 458 808
613 410 646 458 c.
667 405 789 459 eursrr
817 404 1017 457 sruuusrrr

262 558 295 619 et
320 550 717 630 inneneuuendiun
745 550 962 616 dominorum.
1006 549 1130 637 Atque‘
1148 554 1223 620 hue
1243 552 1357 619 eudem

260 674 326 720 non
347 659 423 718 sunt
444 654 647 735 agrestibus3
670 653 731 718 sed
744 652 929 719 caeduntur⁸
950 655 1032 719 inter
1049 656 1230 738 potentium
1253 658 1361 721 inimi·

262 757 371 833 citius,
397 755 551 837 donoque
576 755 695 819 duntur
718 756 754 819 in
779 755 970 836 provincius
992 757 1252 839 magistratibus.
1306 756 1360 823 Itu

261 862 438 942 pugnatur,
460 863 494 921 et
516 858 659 922 vincitur
677 858 816 942 paucis:
839 858 971 942 plebes‚·
978 856 1210 941 quodcumque
1225 858 1357 936 aeuus.

261 978 323 1041 pro
349 959 447 1023 vietis
459 963 521 1035 est,
534 963 567 1021 et
588 958 708 1023 indies
721 960 828 1041 magis
849 958 927 1022 erit:
943 961 972 1023 si
989 959 1124 1043 quidem
1146 960 1359 1043 majorevum

261 1058 518 1125 dominationem
538 1060 587 1125 illi
604 1061 803 1138 retinuerint,
824 1078 924 1143 quem
937 1078 999 1125 vos
1020 1060 1238 1143 repetiveritis
1261 1060 1359 1127 liber·

262 1164 377 1225 tutem.

301 1260 488 1345 Postquam
500 1282 651 1345 egressus
659 1262 841 1345 angustias.
885 1258 1015 1325 Messes.

299 1360 356 1426 Ad
372 1361 531 1447 Cyzicum
544 1366 689 1448 perrexit
701 1364 850 1431 firmatus
861 1365 972 1430 enirm.
1011 1360 1064 1430 Es
1078 1362 1190 1429 eodem.

303 1462 352 1527 Ut
365 1468 521 1529 sustinere
531 1486 672 1551 corpore
685 1467 833 1551 plerique
847 1472 1056 1550 nequeuntes,
1071 1465 1179 1545 fessi,'¹
1192 1484 1282 1531 erma
1294 1482 1363 1535 sus.

259 1565 401 1649 quisque
410 1572 534 1631 etentes
548 1569 781 1633 incumberent.
819 1565 907 1631 Idem
921 1574 955 1633 et
971 1566 1107 1633 Servius.

300 1664 355 1731 Ac
378 1669 489 1731 statim
511 1669 653 1751 fugitivi,
679 1674 794 1734 contra
813 1675 1018 1753 praeceptum
1049 1672 1156 1749 ducis,
1178 1688 1294 1754 rupere
1312 1668 1357 1733 ed

259 1764 411 1852 stupmm
423 1769 565 1853 virgines
577 1776 821 1854 matronasque.
868 1768 1001 1834 Nonius.

303 1871 436 1949 Quibus
463 1892 486 1937 u
513 1872 658 1939 Sertorio
682 1874 830 1955 triplices
856 1873 985 1939 insidiae
1007 1871 1225 1958 peridoneus
1251 1872 1357 1937 saltus

184 1999 190 2003 ·
257 1972 379 2055 positae
390 1980 498 2037 erunt:
517 1972 644 2057 primu,¹
657 1993 735 2058 quoe
745 1976 839 2039 sonte*
849 1976 1014 2049 venientes
1029 1973 1207 2059 exciperet.
1247 1976 1335 2038 Serv.

299 2072 420 2155 Ingens
433 2075 506 2157 ipse
520 2076 651 2151 virium,
667 2080 767 2158 utque
778 2076 889 2139 animi.
924 2073 1109 2139 Arusianus.

298 2173 426 2238 Locum
436 2176 573 2253 nullum,
588 2175 652 2240 nisi
666 2177 776 2259 inquo
785 2177 903 2241 armati
915 2177 1122 2241 institissent
1156 2171 1256 2237 Idem.

297 2274 344 2340 At
357 2274 487 2361 Oppius
504 2285 683 2362 postquam
703 2296 802 2343 orans
816 2278 897 2342 nihil
911 2278 1121 2361 proficiebat,
1136 2276 1252 2341 timide
1267 2283 1357 2342 veste

256 2383 379 2443 tectum
393 2382 567 2462 pugionem
582 2381 740 2463 expedire
764 2387 914 2460 constris,
933 2400 955 2443 u
975 2378 1076 2444 Cotta
1087 2378 1280 2461 Vulcioque
1294 2379 1357 2443 im-

254 2480 394 2563 peditur.
419 2476 551 2543 Nonius.
574 2480 704 2563 ‘Pugio
717 2486 768 2544 est
780 2474 892 2545 brevis
906 2478 1056 2563 gladius!

298 2578 491 2665 (lustrisque
504 2582 646 2659 collutis,
665 2600 780 2666 pugno
793 2588 905 2646 temen
926 2581 1057 2663 ingenio
1070 2580 1137 2645 loci
1160 2580 1357 2665 prohibebu-

254 2686 317 2748 tur.
349 2679 448 2745 idern.

298 2785 365 2849 Sed
376 2784 557 2868 Pompeius
579 2804 600 2849 a
620 2785 731 2870 primu
743 2784 977 2865 adolescentia,
1004 2802 1152 2851 sermone
1176 2774 1355 2867 fautorum,

254 2886 394 2952 similem
412 2888 482 2951 sore
495 2907 533 2951 se
553 2887 687 2952 credens
702 2884 897 2953 Alexandro
917 2887 998 2971 regi,
1021 2886 1112 2953 fecte
1137 2885 1355 2971 consulteque

254 2987 329 3072 ejus
344 2989 478 3073 quidem
489 2990 632 3053 aemulus
646 2994 726 3054 eret.
760 2985 893 3053 Nonius.

298 3088 432 3157 Dubius
443 3093 583 3158 consilii.
615 3090 804 3159 Arusianus.

753 3294 859 3352 nors
919 3378 921 3381 Ι

284 3422 420 3488 ‘Meuml
447 3424 602 3479 Munnslroe
617 3429 728 3479 nuime
739 3437 781 3481 est
820 3444 883 3495 qnos
899 3428 1019 3495 dirigitur
1036 3430 1213 3499 ornlio,qnesi
1229 3444 1287 3483 cum
1300 3435 1353 3481 tlo-

252 3496 420 3560 inrldiosum3
446 3503 570 3565 supponit
598 3504 675 3565 eninr,
701 3519 781 3567 penes
819 3506 910 3555 mecho
927 3506 1037 3570 diceret,
1053 3507 1192 3559 Sutneilli
1210 3504 1353 3566 Νομᾶ·

253 3572 357 3623 eosdem
374 3590 431 3623 esse
448 3577 571 3628 Dominus
587 3580 650 3628 istus
667 3579 781 3630 untuu-
820 3582 893 3631 dues
903 3582 1145 3647 quisueduuturiifr.

252 3648 336 3700 tiones
354 3650 505 3713 prohibere:
530 3659 609 3717 utque
624 3654 700 3704 etism
718 3656 782 3705 inri-
853 3656 863 3689 l
882 3657 960 3723 Fessi]
982 3660 1057 3709 Hauc
1068 3674 1159 3711 rocem
1173 3674 1204 3709 ex
1222 3660 1350 3723 interpre-

123 3750 126 3755 -
253 3724 323 3774 dium
342 3732 421 3791 suget
431 3742 480 3776 vox
491 3727 588 3790 ditium,
605 3742 656 3794 qus
671 3730 782 3779 domino·
822 3740 936 3785 lumento
956 3736 1071 3785 sdditmn
1087 3736 1167 3785 inisse
1185 3736 1273 3785 Deum
1288 3750 1351 3785 con·

254 3815 310 3851 rum
321 3800 473 3851 felicitatem
485 3803 519 3852 ob
527 3805 615 3854 oculos
627 3804 708 3867 ponit.
822 3809 921 3872 rendit;
951 3818 1082 3877 totumque
1112 3810 1284 3875 fragmentum
1313 3826 1350 3860 ex

285 3873 400 3939 fuique]
420 3877 542 3927 Arbitror
559 3880 627 3927 istud
644 3879 780 3943 sibi-obje·
820 3884 950 3935 Frcntone
968 3886 1005 3935 its
1016 3886 1166 3948 constituit:
1191 3886 1224 3937 Ut
1233 3884 1351 3937 uelim

252 3952 317 4002 cisse
339 3954 481 4003 Tribunum
503 3966 628 4017 nostruin,
650 3950 682 4005 e'x
704 3964 779 4020 purte
815 3974 914 4023 corpora
934 3968 1083 4025 unumst,
1103 3978 1171 4013 m
1189 3977 1233 4013 m
1252 3960 1350 4027 quisqu

251 4041 349 4093 eorum,
360 4030 403 4094 qui
412 4045 470 4079 cum
478 4039 551 4082 extre
563 4032 652 4081 urbem
663 4040 780 4094 egerent,
819 4033 909 4083 iusim
918 4035 1067 4087 incumberet.

244 4099 289 4165 jus
300 4110 385 4152 tumen
396 4105 652 4171 hubebsutsuffmgii.
851 4108 857 4143 ¹
873 4110 968 4173 Prius]
990 4112 1067 4163 Nunc
1077 4113 1176 4165 incidie
1188 4118 1349 4180 usurpentur·

283 4178 454 4242 teudone]
485 4180 627 4247 Responsio
649 4188 699 4245 est,
719 4197 778 4247 qun
818 4190 1033 4237 tuntumnumeru
1044 4187 1145 4253 presuli.

251 4251 360 4303 mxime
380 4255 438 4307 ilios
458 4271 615 4323 exasperare
634 4256 726 4323 possit,
743 4258 777 4309 sd
