3092 4884
496 414 647 469 runrcrl
673 414 719 465 ur
743 412 988 466 rnsrruoruu.
1244 400 1289 467 ct
1361 390 1364 395 ’

181 564 325 642 obtinet,
341 564 496 641 brevitas,
522 570 556 629 et
576 564 751 646 abruptum
769 560 931 626 sermonis
950 578 1069 643 genus:
1093 559 1182 645 quod
1198 560 1284 623 otio-

182 686 262 731 sum
286 666 425 731 fortusse
451 667 606 730 lectorem
628 667 734 728 minus
757 664 852 743 fallit,
878 663 1062 727 audientem
1092 662 1286 737 transvolat,

184 788 260 849 nec,
275 768 354 833 dum
368 772 544 851 repetatur,
559 771 726 850 expectat.

640 935 693 1001 Er
708 952 789 1001 vrri.
804 936 837 1000 3.

232 1070 309 1139 Nec
323 1075 432 1139 minus
445 1078 524 1139 noto
536 1044 714 1137 Sallustius
729 1072 962 1156 epigrammate
976 1071 1150 1136 incessitur
1164 1090 1172 1134 :

278 1174 323 1239 Et
335 1178 438 1240 verba
452 1175 579 1259 antiqui
593 1174 730 1239 multum
746 1172 851 1238 iurato
866 1171 1016 1250 Catonis,

230 1296 235 1305 ·
325 1276 455 1361 Crispe,
469 1277 493 1341 J
495 1276 676 1359 ugurtbinae
692 1276 843 1340 conditor
857 1275 1018 1340 historiae.

660 1462 706 1527 Et
721 1480 777 1529 rx.
791 1464 825 1529 a.

237 1601 291 1667 Ex
306 1600 430 1669 Graeco
443 1598 602 1667 cantata
616 1599 767 1665 Sallustii
781 1599 937 1683 plurima.

678 1776 721 1841 Et
737 1792 773 1841 x.
789 1777 819 1839 l.

236 1910 357 1999 Neque
371 1913 428 1979 illa
443 1912 646 2027 §ebusitana
662 1912 817 1988 brevitas,
833 1930 902 1993 qua
920 1910 1002 1975 nihil
1016 1909 1109 1995 apud
1123 1930 1220 1977 aures
1233 1934 1292 1981 ra·

195 2034 276 2079 cuae
290 2021 390 2099 atque
404 2016 547 2081 eruditas
562 2022 672 2099 potest
686 2034 759 2079 esse
781 2012 973 2097 perfectius,
987 2013 1078 2097 apud
1091 2020 1293 2098 occupatum

194 2118 295 2181 variis
309 2118 563 2199 cogitationibus
573 2116 722 2200 judicem
741 2122 776 2181 et
799 2116 927 2199 saepius
946 2116 1144 2181 ineruditum
1156 2124 1293 2200 captane

194 2216 241 2281 da
254 2220 350 2283 nobis
373 2226 440 2283 est:
466 2238 573 2301 neque
594 2218 651 2283 illa
673 2218 762 2283 Livii
785 2218 895 2282 lactea
911 2220 1043 2282 ubertus
1061 2219 1197 2291 docebit
1211 2220 1294 2283 satis

81 2410 84 2415 Ι
196 2338 282 2399 eum,
298 2322 355 2403 qui
369 2339 434 2383 nou
448 2320 595 2405 speciem
611 2320 840 2403 expositionis,
853 2319 913 2384 sed
927 2319 1026 2383 tidem
1041 2323 1171 2403 quierit.

651 2494 696 2559 Et
709 2494 844 2559 ibidem.

240 2626 364 2694 Atnou
379 2628 531 2695 Historia
556 2632 693 2696 cesserit
716 2628 866 2695 Graecis:
895 2649 957 2693 nec
978 2628 1166 2714 Thucydidi
1189 2650 1295 2714 oppo-

197 2748 273 2795 nere
298 2730 492 2797 Sallustium
515 2752 647 2797 verear:
669 2752 730 2797 nec
750 2732 935 2813 indignetur
952 2731 1147 2796 Herodotus
1168 2733 1297 2815 equari

199 2832 265 2895 sibi
280 2830 321 2895 Τ.
337 2832 481 2911 Livium,
498 2855 572 2900 cum
596 2837 630 2899 in
651 2834 815 2899 narrando
829 2834 921 2899 mirae
931 2832 1164 2917 jucunditatis,
1181 2835 1296 2897 claris·

199 2934 341 3017 simique
356 2937 521 3015 candoris,
537 2944 606 3003 tum
629 2939 663 3003 iu
687 2935 914 3012 concionibus,
929 2954 1031 3018 supra
1056 2953 1156 3017 quam
1173 2938 1297 3000 narrari

201 3040 318 3117 potest,
339 3036 565 3121 eloquentem
607 3040 655 3103 ite
678 3039 835 3103 dicuutur
859 3037 973 3101 omnia
997 3056 1076 3101 oum
1099 3037 1199 3100 rebus
1227 3044 1298 3101 tum

201 3140 351 3219 personis
365 3140 629 3220 accommodate,
645 3140 705 3204 sed
728 3138 867 3205 affectus
887 3138 1033 3222 quidem,
1051 3138 1222 3220 praecipue
1235 3156 1297 3202 eos

202 3239 260 3321 qui
274 3247 351 3305 sunt
365 3240 538 3320 dulciores,
550 3246 587 3307 ut
599 3242 791 3327 parcissime
803 3240 925 3317 dicam,
938 3258 1036 3303 neno
1051 3237 1298 3303 Historicorurn

203 3342 447 3407 conmendavit
467 3344 592 3427 magis:
625 3344 768 3427 ideoque
791 3340 1008 3405 immortalem
1034 3338 1123 3404 illam
1148 3339 1299 3403 Sallustii

204 3444 416 3509 velocitatem
441 3444 582 3509 diversis
607 3445 782 3508 virtutibus
803 3448 1002 3507 consecutus
1025 3448 1087 3518 cst,
1116 3458 1192 3504 sam
1219 3439 1299 3503 mibi

205 3547 334 3628 egregie
347 3546 473 3610 dixisse
488 3545 617 3611 videtur
631 3544 791 3609 Servilius
806 3542 995 3621 Nonianus,
1010 3561 1107 3626 pares
1121 3560 1179 3605 eos
1193 3541 1300 3623 magis

206 3666 307 3731 quam
322 3646 457 3711 similes.

656 3778 699 3845 Et
712 3776 848 3845 ibidem.

250 3916 354 3982 Attici
368 3917 518 4002 praecisis
540 3916 810 3987 conclusionibus
833 3916 979 3992 obscuri,
995 3914 1187 3979 Sallustium
1201 3918 1302 3996 utque

206 4019 434 4104 ‘lbucydidem
449 4025 624 4103 superent3
646 4020 753 4083 tristes
773 4037 814 4081 ac
825 4017 931 4101 jejuni
944 4016 1130 4081 Pollionem
1145 4014 1302 4078 aemulun·

208 4130 279 4200 tun
301 4122 399 4186 otiosi
412 4134 445 4187 et
458 4122 580 4205 supini,
595 4121 625 4184 si
643 4116 723 4204 quid
735 4120 836 4185 modo
856 4119 987 4201 lougius
1001 4115 1301 4193 circumduxerunt,

205 4224 321 4310 juram
333 4220 522 4289 Ciceronem
534 4224 584 4288 ite
594 4222 778 4287 locuturum
786 4220 904 4287 fuisse.
