3092 4884
615 391 826 443 srunurrrr.
1222 380 1268 449 19

162 536 374 617 Suetonius3¹
397 538 641 619 praeceptorem
663 533 750 597 enirn
772 534 848 619 ejus
872 535 975 601 luisse
998 537 1097 603 docet
1117 536 1268 611 Atteiunr

163 638 421 714 Praetextatum,
434 636 580 701 nobilem
595 633 861 701 Grammaticum
875 637 1043 718 hunum,
1059 641 1118 722 qni
1134 660 1173 704 se
1187 642 1267 707 Per-

162 743 308 824 lologum
332 742 482 817 vocavit,
509 747 542 803 ct
563 736 625 820 uui
651 737 844 828 Sallustium
867 740 1123 807 familiarissime
1149 744 1266 812 coluit

163 844 233 909 Vix
257 851 367 909 tamen
383 843 522 919 videtur,
537 860 628 905 more
647 840 798 918 aliorum,
813 860 935 907 causas
955 846 1122 923 actitasse,
1137 852 1174 909 ut
1191 866 1268 928 gra·

162 947 242 1013 tiam
258 965 299 1011 nc
313 946 436 1011 famem
448 944 513 1007 sibi
528 941 716 1006 actionibus
730 940 913 1007 forensibus
923 951 1141 1027 compararat.
1163 946 1266 1012 Nulla

164 1054 250 1113 certe
274 1047 435 1111 memoria
460 1046 530 1130 ejus
551 1044 611 1121 rei,
630 1044 719 1127 apud
734 1041 893 1125 Veteres3
915 1066 976 1111 nec
991 1045 1120 1124 Cicero,
1135 1048 1196 1131 qni
1215 1054 1267 1113 tot

20 1144 29 1199 l
163 1150 342 1233 rerpruiiurn
367 1166 512 1224 suorum,
535 1146 592 1230 qui
613 1164 748 1229 operum
770 1165 866 1210 suam
890 1148 1098 1211 venditarunt
1118 1148 1154 1210 in
1178 1146 1263 1227 soro,

163 1252 321 1329 merninit,
336 1248 375 1315 Ο.
391 1247 502 1333 Crispi
518 1248 670 1313 Sallustii
689 1251 884 1314 mentionem
899 1251 1001 1315 ullam
1015 1258 1158 1332 usquam
1172 1249 1264 1317 fecit.

164 1350 201 1426 Si
226 1352 304 1434 quis
326 1350 447 1415 silentii
473 1368 610 1414 causam
625 1346 738 1413 'fnisse
760 1351 978 1427 inimicitiam,
1000 1370 1077 1434 quae
1092 1353 1184 1415 inter
1204 1370 1264 1416 eos

162 1450 456 1535 iuitsuspicetu13
477 1450 598 1515 doceat
619 1468 679 1513 cur
698 1448 819 1517 Cicero
839 1453 910 1536 ejus
932 1452 1047 1517 saltem
1069 1452 1177 1517 obiter
1197 1472 1266 1516 uon

115 1546 123 1557 '
162 1555 354 1631 meminerit,
367 1560 405 1618 ut
422 1555 653 1637 vituperaret..
679 1550 732 1617 Ac
753 1572 835 1617 sane
854 1572 954 1635 genus
975 1554 1171 1637 eloquentiae
1191 1554 1265 1618 Sal·

162 1656 314 1721 buinna
324 1656 435 1718 minus
449 1662 562 1738 aptum
576 1654 649 1718 soro
664 1654 747 1733 luit3
770 1655 978 1736 aptissimum
997 1655 1170 1734 Historiae,
1185 1674 1264 1739 quoe

162 1758 205 1822 nb
220 1758 338 1825 otiosis
350 1758 477 1839 legium
521 1754 635 1833 Quare
655 1753 906 1833 Quintilianus,²
920 1757 1020 1819 vitari
1038 1762 1189 1838 oportere
1207 1757 1265 1841 ju·

163 1859 256 1925 dicat
275 1860 312 1923 in
332 1860 446 1922 causis
464 1857 602 1944 agendis
623 1856 715 1920 illam
738 1856 974 1922 Sallustianam
998 1856 1203 1939 (quanquam
1229 1858 1264 1919 in
1283 1907 1286 1915 ,

21 1998 31 2017 f
163 1961 238 2045 ipso
252 1960 381 2025 virtutis
394 1959 504 2025 locum
518 1953 660 2040 obtinet)
674 1958 879 2034 brevitatem,
893 1963 932 2020 et·
940 1958 1118 2040 abruptum
1140 1976 1263 2021 sermo·

163 2062 215 2127 nis
235 2082 350 2145 genus,
365 2060 454 2144 quod
475 2060 619 2124 otiosum
639 2058 781 2125 sortasse
801 2059 956 2124 lectorem
969 2059 1079 2122 minus
1092 2056 1189 2136 fallit,
1205 2078 1264 2125 au·

164 2163 306 2229 diuitem
320 2164 510 2229 transuolat.
557 2162 559 2167 ’
641 2190 647 2202 ·

170 2316 175 2331 .
207 2265 444 2345 Decolramutor,³
461 2284 556 2348 quem
571 2264 655 2344 dixi,
671 2266 899 2348 turpissimam
911 2262 1168 2329 adolescentiam
1189 2261 1264 2325 Sal-

163 2367 265 2432 lustio
278 2370 468 2451 exprobrat,
483 2367 762 2451 nefandorumque
783 2367 993 2449 voluptatum
1015 2383 1158 2428 amorem
1178 2362 1264 2446 obji-

164 2468 230 2550 citr
251 2488 329 2552 quse
352 2468 611 2545 criminationes,
626 2474 664 2533 ut
684 2469 777 2541 solere
788 2486 866 2532 esse
879 2471 1033 2550 possunt,
1048 2482 1115 2528 uon
1128 2465 1264 2528 omniuo

163 2568 371 2633 incredibiles
394 2568 438 2633 ob
462 2574 579 2633 secuta
601 2569 729 2651 flagitia
753 2568 915 2631 videntur.
959 2566 1131 2629 ‘Domum
1153 2572 1266 2647 pater·

163 2669 263 2747 nam}
278 2672 307 2734 si
322 2670 512 2749 accusatori
524 2670 703 2749 credimus,
716 2676 729 2704 ‘
744 2672 824 2735 uiro
837 2674 944 2752 patre,
959 2667 1150 2750 turpissime
1164 2684 1262 2729 vena·

163 2772 228 2837 lem
243 2770 367 2849 babuit,
383 2772 581 2836 {revendidit
588 2770 609 2851 ;'
629 2773 778 2854 morique
791 2770 903 2852 coegit
915 2790 958 2834 ex
970 2787 1109 2833 moerore
1119 2773 1261 2849 patrem,
1321 2817 1327 2827 .

164 2892 232 2957 quo
245 2872 391 2939 noudum
403 2878 543 2951 mortuo,
553 2874 623 2957 jam
636 2893 697 2956 pro
717 2873 848 2937 baeredc
868 2872 981 2936 omnia
997 2869 1141 2951 gerebat.
1186 2866 1264 2931 Nec

165 2976 275 3041 euris
289 2975 441 3039 tirocinio
454 2975 582 3058 lapsus,
597 2983 714 3058 postea
729 2994 766 3037 ee
780 2974 934 3051 correxit,
948 2971 1007 3036 sed
1022 2969 1153 3034 obiitin
1165 2968 1263 3031 sode-

164 3076 269 3147 utum
290 3074 450 3156 Sacrilegi
470 3076 587 3140 nescio
609 3076 705 3159 cujus
728 3072 921 3156 Nigidiani3
943 3073 997 3136 bis
1010 3074 1261 3144 accusatusest,

165 3176 255 3261 apud
278 3175 429 3251 ludices,
453 3175 507 3238 bis
532 3175 722 3254 absolutum
749 3193 865 3238 verum
887 3175 938 3239 ita
959 3180 996 3236 ut
1018 3190 1084 3235 non
1105 3171 1265 3233 innocens

164 3297 251 3355 cese,
267 3277 326 3343 sed
336 3278 361 3341 J
363 3276 476 3341 udices
487 3278 655 3362 pejerasse
671 3278 864 3343 viderentur.

174 3436 178 3451 .
206 3379 294 3445 Cum
316 3380 358 3443 ad
387 3380 608 3465 capessendos
638 3378 849 3461 Reipublicae
878 3377 1017 3442 honores
1043 3371 1261 3450 contenderet,

165 3480 392 3563 Quamnam*
411 3488 461 3545 eet
481 3488 688 3559 consecutus,
708 3500 808 3564 quam
830 3480 857 3542 si
879 3478 976 3562 petiit
993 3476 1139 3558 legitimo
1165 3492 1262 3552 anno,

164 3582 229 3649 hoc
244 3590 307 3659 est,
320 3583 481 3664 vigesimo
502 3582 626 3664 quinto,
649 3580 807 3659 Quaestor
825 3579 890 3643 fuit
904 3577 948 3645 A.
964 3577 1008 3641 U.
1022 3576 1065 3639 C.
1082 3581 1263 3651 ccxclv.,⁵

166 3682 292 3763 Quinto
306 3681 446 3747 Caecilio
461 3682 597 3747 Metello
611 3682 725 3747 Celere
738 3690 772 3746 et
785 3681 826 3747 L.
837 3680 975 3745 Afranio
989 3678 1087 3743 Coss.
1124 3674 1263 3739 Aliusne

20 3762 31 3823 ²·
164 3786 302 3861 bonores
314 3785 502 3862 ambiverit,
517 3804 560 3848 ou
572 3782 822 3849 difficultatibus
836 3783 1012 3847 deterritus
1033 3778 1075 3842 ad
1096 3778 1261 3862 privatam

165 3886 281 3963 eitam,
311 3885 354 3949 iis
381 3886 502 3961 missis,
531 3886 744 3963 concesserit,
768 3904 833 3948 non
856 3885 936 3947 satis
956 3882 1071 3964 liquet.
1115 3876 1172 3941 Ab
1196 3876 1261 3949 boc

166 3993 253 4053 certe
266 3992 413 4069 tempore
427 3985 536 4049 nullos
559 3986 710 4063 bonores,
726 3985 768 4048 ad
783 3984 1000 4048 'Iiibnnatum
1013 3998 1120 4065 usqne
1134 3974 1262 4053 Plebis,

230 4159 243 4207 l
262 4152 296 4205 lrr
306 4152 353 4204 lib.
364 4152 398 4203 de
408 4152 557 4204 Illurtribur
567 4151 750 4203 Grammaticis
767 4166 791 4202 c.
803 4156 844 4203 lo.
939 4154 956 4199 l
972 4148 1031 4198 Lib.
1041 4160 1081 4197 rr.
1092 4158 1151 4209 cap.
1162 4147 1187 4195 l.

346 4236 362 4283 l
374 4234 438 4299 erp.
447 4239 473 4284 t.
644 4238 661 4285 t
678 4232 789 4285 ibidem.
950 4234 966 4281 ὅ
982 4226 1017 4281 Α.
1028 4228 1058 4278 C.
1070 4238 1116 4278 ax.
