3092 4884
439 411 489 461 nn
512 412 598 460 nne.
620 410 846 461 enutrierint
875 414 932 461 nr.
957 414 982 461 r.
1196 396 1262 465 847

165 570 334 637 quaquam
354 574 397 619 en
420 563 537 638 postea
559 558 667 621 hebeti
691 564 789 642 utque
813 556 945 635 claudo,
969 576 1031 640 pro
1051 560 1198 623 exercitu
1212 558 1279 625 uti·

165 656 288 719 volunt.
333 656 422 721 Num
437 658 658 741 imprudentia
669 659 825 742 pleraque
838 664 871 723 et
884 678 921 722 se
935 658 1157 742 proecipitunt.
1193 659 1262 725 Ve-

164 774 236 821 rum
250 758 325 821 haec
345 764 379 821 et
400 762 511 823 omniu
533 761 622 823 mula
643 761 763 843 pariter
782 779 857 823 eum
874 760 995 825 honore
1011 762 1161 842 pecnnioe
1176 762 1262 825 desl-

164 865 254 936 nent,
267 862 296 923 si
310 880 417 943 neque
429 863 655 943 magistratus,
669 880 775 945 neque
789 864 857 927 ulia
869 863 972 943 vulgo
985 862 1149 945 cupienda
1162 884 1262 929 venn-

164 962 328 1026 liaerunt.
375 961 427 1026 Ad
441 960 504 1026 hoe
517 962 756 1046 providendum
771 972 834 1041 est,
859 983 1002 1047 quonum
1027 964 1127 1029 modo
1150 964 1260 1045 ltalia,

165 1070 265 1144 utque
278 1064 459 1144 provinciae
473 1064 610 1127 tutiores
623 1066 702 1129 sint:
724 1066 758 1129 id
770 1063 859 1148 quod
873 1066 964 1129 luctu
981 1065 1068 1129 hund
1084 1068 1261 1131 obscurum

165 1168 229 1229 est.
274 1162 364 1227 Nam
382 1164 483 1227 iidem
497 1167 607 1229 omnia
622 1172 768 1243 vastant,
785 1186 865 1231 suus
890 1166 1071 1231 deserendo
1086 1167 1214 1245 domos,
1228 1175 1262 1235 et

164 1266 391 1349 perinjurium
407 1268 755 1349 alicnusuccupundu.
792 1268 876 1334 ltem
890 1288 942 1344 ne,
959 1274 994 1333 ut
1006 1267 1127 1345 udhuc,
1141 1268 1263 1333 militie

162 1368 285 1451 injusta
306 1376 363 1432 eut
376 1368 550 1451 inaequalis
563 1369 626 1434 sil:
649 1388 726 1433 cum
740 1370 798 1433 alii
812 1369 955 1450 triginta,
971 1388 1049 1451 pars
1063 1368 1189 1431 nullum
1203 1368 1262 1431 sti·

163 1468 320 1553 pendium
347 1470 461 1534 saciet:
492 1477 525 1534 et
550 1470 743 1535 frumentum
769 1471 816 1547 id,
842 1470 933 1554 quod
962 1475 1060 1534 untes
1088 1470 1261 1553 praeminm

163 1569 307 1652 ignavie
321 1572 395 1648 fnit,
411 1592 470 1655 per
483 1574 663 1656 municipia
675 1580 709 1637 et
723 1574 871 1637 colonias
892 1573 958 1635 illis
975 1571 1059 1635 dure
1075 1572 1260 1645 conveniet,

165 1692 243 1739 cum
256 1673 428 1759 stipendiis
442 1674 596 1739 emeritisi
608 1676 726 1739 dumos
738 1676 937 1741 reverterint·
964 1672 1052 1751 Quae
1067 1671 1260 1755 reipublice

163 1777 360 1854 necessaria,
385 1777 510 1860 tibique
535 1778 681 1859 gloriosa
703 1783 794 1843 retus
817 1796 903 1855 sum,
928 1796 1027 1860 qnam
1048 1775 1261 1858 paucissimis

164 1878 306 1943 absolvi.
351 1876 432 1941 Non
460 1880 555 1963 pejus
582 1880 722 1956 videtur,
749 1898 861 1963 pauca
888 1899 973 1943 nunc
1004 1878 1045 1941 de
1070 1878 1161 1941 lacto
1186 1892 1261 1939 mco

164 1980 334 2045 disserere.
380 1979 535 2064 Plerique
554 1982 712 2047 mortales
725 1980 770 2043 nd
791 1979 1013 2063 judicandum
1036 1980 1119 2043 sutis
1139 1976 1262 2058 ingenii

164 2084 296 2161 habent,
311 2090 369 2149 aut
382 2083 542 2150 similant:
564 2102 676 2147 rernm
699 2083 787 2145 enim
811 2080 854 2143 ad
869 2075 1140 2163 reprehendenda]
1154 2077 1263 2143 aliem

164 2188 267 2266 facte,
281 2193 340 2253 aut
354 2186 457 2263 dictu,
472 2185 566 2251 ardet
590 2183 744 2248 omnibus
755 2184 906 2263 unimus3
928 2184 986 2247 vix
1010 2182 1091 2245 sutis
1113 2184 1261 2263 apertum

165 2309 215 2368 us,
228 2290 412 2373 autlingua
425 2286 713 2372 promtavidetur,
737 2302 816 2367 quae
840 2283 1000 2349 meditata
1023 2286 1158 2365 pectore
1172 2280 1263 2345 evol-

163 2397 239 2457 vat:
260 2390 384 2475 quibus
402 2408 457 2453 me
481 2388 665 2471 subjectum
684 2385 772 2449 harid
796 2385 946 2467 poenitet,
960 2383 1064 2465 magis
1079 2378 1263 2447 reticuisse*

163 2492 299 2577 pigeret
343 2491 435 2555 Num
448 2491 519 2553 sive
532 2488 609 2564 linc,
632 2506 691 2551 seu
710 2487 845 2551 meliore
868 2485 936 2549 ulia
949 2484 1006 2547 viu
1019 2502 1152 2565 perges3
1175 2502 1197 2545 a
1209 2500 1263 2545 me

165 2596 300 2679 quidem
315 2613 376 2677 pru
387 2593 473 2657 virili
486 2594 583 2673 purte
597 2588 721 2653 dictum
735 2595 769 2653 ct
779 2587 928 2672 adjutum
943 2585 1049 2651 suerit.
1081 2582 1264 2666 Reliquum

164 2704 217 2763 est
230 2703 358 2781 optare,
373 2696 435 2771 uti,
449 2714 525 2777 qnae
539 2693 601 2757 tibi
627 2692 821 2774 placuerint,
837 2708 878 2755 ea
900 2688 960 2755 Dii
981 2686 1183 2753 immortales
1206 2703 1264 2769 ep-

165 2800 315 2883 probent,
328 2800 478 2880 beneque
489 2794 621 2859 evenire
630 2794 752 2859 sinunt.

664 2949 770 3002 Nm

170 3052 349 3116 Λευκὴ]
383 3039 414 3104 rc
430 3059 481 3114 en,
497 3056 619 3116 μιμ-
638 3050 695 3112 ngr
735 3048 892 3100 nmmum.

165 3129 695 3194 tumultum-imbecilius&
766 3121 939 3186 litum]
971 3118 1269 3183 lrlesldriimru.

196 3206 434 3274 tammam]
468 3206 531 3257 Illos
549 3204 635 3269 carpit
650 3204 696 3269 qni
735 3203 812 3251 ssim
827 3201 945 3251 Cema
961 3212 1013 3265 qu
1031 3194 1269 3259 mmmmdc-

167 3283 240 3336 s'num
260 3286 371 3337 studium
391 3291 419 3335 et
437 3282 593 3348 scripturam
609 3295 696 3347 repre·
735 3278 784 3327 let.
