3092 4884
519 398 763 461 rnsousrrrs,
787 398 859 449 urs.
874 399 925 449 rv.
1208 382 1280 453 318

175 544 331 629 Namque
342 544 507 610 Romanis
516 564 591 609 cum
603 544 806 621 nationibus,
822 545 968 628 populis,
981 545 1115 627 regibus
1131 546 1271 624 cunctis,

173 666 242 711 una
254 652 289 713 et
301 667 344 711 ea
357 654 453 712 vetus
466 666 570 712 causa
584 646 727 711 bellandi
741 654 803 723 est,
820 646 941 729 cupido
957 648 1119 730 profunda
1132 647 1272 729 imperii,

174 754 210 813 et
222 748 431 813 divitimum:
454 768 523 832 qua
534 749 675 831 primum
696 767 773 811 com
787 766 861 829 rege
878 746 1097 812 Macedonum
1112 746 1274 831 Philippo

174 849 297 915 beilum
321 870 478 915 sumsere.
523 850 613 915 Dum
639 870 662 913 a
684 847 1012 930 Carthaginiensibus
1035 850 1275 930 premebantur,

173 952 353 1017 amicitiam
375 952 555 1017 similantes
578 951 609 1013 ei
632 951 878 1015 subvenientem
899 947 1095 1013 Antiochum
1111 952 1276 1015 concessi-

174 1053 346 1121 oneAsiee
361 1074 421 1136 per
444 1054 557 1118 dolum
580 1058 747 1130 avertere3
782 1068 824 1115 ac
846 1070 938 1128 mox,
964 1056 1070 1117 tracto
1095 1041 1277 1135 Philippo,¹

174 1153 364 1221 Antiochus
376 1156 464 1218 omui
478 1154 528 1217 cis
540 1152 689 1217 Taurum
704 1170 784 1233 agro
808 1157 842 1215 et
866 1148 994 1216 decem*
1015 1152 1160 1216 millibus
1174 1152 1275 1217 talen-

174 1262 282 1321 torum
305 1256 468 1340 spoliatns
489 1262 548 1320 est.
601 1254 723 1317 Persen
745 1253 864 1318 deinde
887 1254 1034 1337 Philippi
1060 1255 1173 1332 filium,
1199 1259 1277 1337 post

173 1358 278 1425 multa
290 1364 323 1419 et
335 1358 431 1420 varia
439 1356 627 1432 certamina,
638 1356 727 1438 apud
736 1352 977 1421 Samothracas¹
994 1356 1085 1421 Deos
1100 1361 1272 1439 acceptum

174 1459 212 1522 in
233 1458 343 1535 fidem,
365 1457 486 1536 callidi,
509 1464 541 1521 et
563 1463 749 1540 repertores
772 1457 931 1539 perfidia,
956 1460 1036 1541 qnia
1049 1466 1149 1541 pacto
1173 1459 1275 1523 vitam

175 1555 344 1637 dederant,
355 1561 545 1623 insomniis¹¹²
558 1558 720 1624 occidere.
765 1557 970 1637 Eumenem,¹³
983 1558 1079 1641 cujus
1095 1559 1276 1623 amicitiam

174 1659 315 1741 gloriose
329 1664 503 1736 ostentant,
517 1660 613 1724 initio
637 1658 813 1743 prodidere
835 1657 1012 1736 Antiocho,
1036 1661 1133 1741 pacis
1153 1678 1278 1725 merce·

175 1761 268 1843 dem3
298 1768 377 1845 post
392 1761 553 1827 Attalum⁰
567 1762 738 1829 custodem
748 1764 819 1843 agri
830 1762 959 1844 captivi
973 1764 1137 1827 sumtibus
1151 1770 1184 1829 et
1199 1782 1276 1827 con·

173 1863 316 1927 tomellis
330 1874 373 1927 ex
383 1882 459 1944 rege
471 1862 688 1927 miserrimum
701 1881 873 1925 servorum
887 1862 1042 1927 effecere:
1065 1865 1273 1946 similetoque

172 1963 280 2048 impio
303 1969 511 2041 testamento,
535 1964 653 2027 lilium?
674 1963 747 2046 ejus
768 1962 1005 2041 Aristonicum,
1021 1966 1102 2047 quia
1127 1966 1269 2046 patrium

172 2085 310 2149 reguum
334 2066 506 2149 petiverat,
531 2064 676 2129 hostium
703 2084 806 2142 more,
828 2084 888 2148 per
912 2065 1111 2149 triumphum
1135 2065 1273 2129 duxere.

173 2165 262 2234 Asia
274 2169 317 2231 ab
330 2168 415 2249 ipsis
430 2168 569 2231 obsessa
593 2172 660 2232 est:
691 2172 859 2250 postremo
877 2172 980 2231 totam
995 2167 1195 2251 Bithyniam,
1212 2164 1276 2230 Ni·

175 2268 325 2334 comedeq
333 2274 473 2344 mortuo,
485 2268 668 2349 diripuere3
691 2286 768 2330 cum
782 2266 871 2347 lilius
886 2265 919 2330 N
921 2286 996 2343 usa,
1011 2286 1113 2350 quam
1126 2268 1274 2349 reginam

175 2369 436 2453 appellaverant,
461 2368 590 2450 genitus
609 2367 698 2433 haud
724 2367 823 2431 dubie
847 2373 942 2433 esset.
998 2366 1087 2431 Nam
1113 2368 1192 2451 quid
1214 2388 1276 2449 ego

175 2490 230 2534 me
245 2470 433 2554 appelleml
466 2489 563 2552 quem
583 2467 785 2552 disjunctum
807 2468 952 2553 rmdique
978 2470 1087 2552 regnis
1110 2474 1143 2533 et
1162 2474 1276 2534 tetrar-

176 2570 275 2635 chiis‘
296 2573 340 2636 ab
364 2571 503 2655 imperio
526 2588 649 2649 eorum,
676 2570 757 2652 quia
781 2569 871 2634 tama
895 2574 976 2647 erat,
999 2569 1145 2647 divitem,
1171 2588 1278 2653 neque

670 2785 777 2837 Nom

210 2948 219 2982 ¹
230 2950 317 3001 traso
330 2948 453 3015 Philippo]
464 2951 570 3015 vulger
581 2950 707 3016 Phiiippo:
748 2950 881 3015 detrudere,
889 2964 957 3017 quem
966 2963 1008 2999 aec
1018 2948 1204 3013 mortaniam
1212 2960 1279 3017 ome

178 3024 225 3077 ted
236 3040 300 3076 care
311 3026 349 3076 ita
356 3027 493 3091 intelligar,
507 3027 581 3092 qnasi
592 3028 709 3077 anniten-
745 3026 885 3091 potuissent.

177 3104 247 3155 tibur
258 3104 390 3168 Romanis,
401 3104 558 3155 Antiochum
572 3108 708 3171 Philippa·
782 3110 800 3136 ¹¹¹
810 3103 946 3167 [munds]
968 3100 1099 3151 Probatur
1110 3097 1179 3148 istud
1190 3110 1222 3146 ex
1233 3095 1281 3147 Di·

179 3180 344 3244 spoliaverit3
362 3196 420 3231 nam
432 3183 488 3231 ltaec
498 3183 580 3232 oratio
589 3183 710 3246 ambigna
749 3180 840 3242 odoro,
850 3180 892 3243 qui
904 3193 963 3229 enm
982 3192 1079 3239 somno,
1090 3192 1106 3225 a
1120 3174 1280 3237 custodibus,

177 3263 238 3307 ert:
266 3270 356 3305 verum
375 3256 401 3305 id
421 3265 494 3321 puta,
513 3258 580 3322 quod
601 3257 710 3308 historie
750 3270 815 3322 qnos
826 3252 978 3315 offenderat,
990 3266 1047 3301 com
1059 3252 1085 3300 in
1102 3264 1217 3311 carcere,
1229 3248 1280 3299 ne·

178 3338 299 3391 testator,
308 3331 465 3382 Antiochum
482 3340 540 3397 pest
559 3332 710 3397 Philippum
749 3346 798 3381 nrm
820 3330 993 3391 detineretur,
1021 3325 1177 3391 prohibitum
1199 3322 1279 3375 fnisse

178 3422 196 3459 ι
211 3408 332 3457 Romanis
352 3408 519 3468 debellatum,
539 3410 614 3475 regni
636 3417 710 3474 parte
749 3407 839 3457 refert.

177 3483 257 3533 etiam
268 3483 500 3534 multatumfulsse.
782 3476 946 3543 “Eumeneffl
963 3478 1020 3529 Rex
1040 3476 1090 3526 tuit
1112 3476 1234 3543 Pergami
1252 3476 1280 3529 in

211 3554 334 3620 them]
353 3557 441 3608 Livius
453 3566 482 3609 et
492 3559 627 3625 Appianas
638 3561 710 3627 qnin-
749 3558 820 3608 Atia.

179 3631 264 3683 decim
275 3633 376 3683 dicunt.
782 3630 924 3694 oAttalico]
949 3630 1002 3680 iiic
1018 3628 1139 3694 Pergami
1161 3642 1208 3679 rex
1230 3628 1281 3680 tuit

212 3706 403 3771 'Scanthrceffl
430 3710 530 3774 Samos,
556 3714 598 3761 rel
626 3712 713 3762 Samo·
749 3710 863 3760 ultimus.

179 3786 271 3836 thrace
282 3784 365 3835 inanis
376 3792 416 3835 ert
426 3786 603 3851 marisAEgoei,
613 3788 646 3837 ad
655 3801 713 3852 pro-
783 3792 796 3826 Ρ
808 3783 910 3847 Filium]
932 3780 985 3830 Alii
1001 3780 1093 3831 aliter:
1117 3780 1208 3831 Florus
1218 3780 1283 3845 regii

178 3869 297 3927 spectem
313 3861 442 3924 ¹thracia,
459 3878 548 3913 versus
567 3864 712 3915 Orientem.
752 3860 880 3925 sanguinis
887 3858 1127 3921 ferocemjurencm
1136 3857 1211 3907 dicit.
1222 3858 1281 3909 dus·

180 3938 258 3989 Hanc
270 3950 332 3987 rero
350 3938 435 3987 locum
452 3940 595 4004 explicabit
610 3940 711 3999 Florus,
753 3938 822 3988 tinus
833 3934 913 3985 tilium
924 3934 1054 3983 Eumenis.

180 4012 252 4077 cujas
267 4013 347 4062 rerba
361 4012 455 4064 refero.
488 4014 579 4066 Alam
593 4032 648 4078 ergo
665 4015 711 4081 (de
783 4008 945 4073 rotomum]
955 4010 1083 4074 Populum
1092 4011 1235 4061 Romanum
1243 4004 1283 4061 se·

179 4088 485 4155 Perseloquitnr)eictm
497 4089 569 4154 fugit
586 4091 710 4153 tamam,
750 4086 973 4139 cersthaeredem.
1266 4140 1273 4151 ¹

179 4166 324 4229 tautam
334 4165 517 4226 Smaothmcm,
527 4166 610 4227 fretas
626 4166 712 4216 celebri
782 4162 960 4225 ‘Tetmrchiid
976 4161 1129 4212 Tetrarehia
1139 4168 1230 4226 quarta
1241 4168 1282 4215 est

179 4242 301 4309 nom,
316 4243 383 4309 puri
402 4246 490 4309 tempta
504 4250 530 4295 et
547 4258 599 4293 cra
613 4248 709 4309 me
749 4253 809 4305 pars
820 4238 957 4305 regebant
967 4236 1112 4302 cujuspiam
1124 4237 1280 4289 Provincia.
