3092 4884
658 409 707 457 D!
730 408 940 459 SALLUS'HO

685 641 728 705 Et
740 642 779 705 in
791 640 913 705 Probo.
940 691 945 701 ,

297 779 338 845 Et
352 778 433 845 nrilni
447 778 580 863 quidem
595 777 631 841 id
646 776 748 841 mrimi
769 775 846 852 fuit,
861 793 927 838 non
949 779 987 837 ut
1008 772 1200 848 Sallustios,
1222 771 1350 851 lrivios,

250 882 401 958 Taeitos,
417 880 560 963 Trogos,
575 886 674 963 atquo
688 896 804 944 omnes
818 875 1056 941 disertissimos
1080 875 1228 941 imitarer
1246 876 1352 953 viros,

250 984 307 1049 sed
324 981 470 1049 Marium
485 979 687 1065 Maximum,
702 978 900 1043 Suetonium
912 976 1153 1060 mesquitam,
1166 982 1227 1043 tto.

682 1150 725 1215 Et
738 1150 797 1215 lib.
814 1167 855 1214 ιι.
870 1148 923 1215 13.

268 1342 274 1355 .
296 1287 397 1368 Quod
413 1287 544 1373 quidem
558 1306 623 1351 non
635 1284 719 1368 fugit
731 1285 897 1351 hominem
913 1302 1059 1369 nequam
1072 1282 1278 1362 Sallustium,
1293 1285 1353 1369 qni

252 1394 315 1457 ait:
339 1395 349 1425 ‘
365 1389 431 1455 Sed
446 1390 552 1455 omnis
572 1395 684 1453 nostra
706 1388 758 1451 vis
781 1387 816 1450 in
840 1387 952 1451 animo
975 1392 1009 1451 et
1032 1404 1170 1470 corpore
1194 1386 1259 1451 sita
1281 1394 1352 1466 est;

251 1494 350 1559 animi
364 1494 515 1576 imperio,
537 1490 687 1575 corporis
711 1489 845 1553 servitio
868 1490 975 1571 magis
998 1488 1137 1553 utimur?
1181 1486 1298 1565 Recte,
1321 1488 1352 1553 si

251 1597 300 1661 ita
313 1596 454 1660 vixisset
468 1600 505 1658 ut
518 1594 646 1659 locutus
661 1598 728 1672 est;
745 1592 879 1656 servivit
890 1593 977 1655 enim
990 1588 1185 1655 foedissimis
1198 1590 1351 1674 volupta-

252 1697 355 1775 tibus,
371 1714 528 1779 suamque
541 1694 615 1777 ipse
628 1692 827 1758 sententiam
840 1693 920 1758 vitae
934 1693 1097 1779 pravitate
1111 1691 1275 1760 dissolvit.

558 1876 566 1894 ”
695 1881 899 1948 Iactantius.

293 2018 480 2097 Sallustius,
495 2018 594 2081 homo
609 2016 769 2083 oniditus.

767 2202 828 2269 Et:

295 2338 487 2417 Sallustius,
501 2339 599 2404 homo
624 2359 779 2425 nsquam,
800 2341 867 2406 ait:
891 2345 901 2373 ‘
918 2340 986 2406 Sed
1000 2342 1110 2407 omnis
1122 2348 1234 2407 nostra
1246 2343 1352 2406 visin

252 2442 361 2506 animo
375 2447 408 2504 ot
422 2460 561 2524 corpore
574 2443 722 2507 sitaast:
745 2443 847 2506 mimi
869 2442 1017 2525 imperio,
1039 2445 1190 2528 eorporis
1215 2444 1352 2509 servitio

252 2543 356 2625 magis
370 2540 491 2606 utimur
499 2541 519 2623 ;'
540 2548 637 2620 recte,
654 2544 684 2605 si
707 2544 754 2606 ita
775 2543 918 2608 vixisset
931 2549 966 2607 nt
980 2544 1111 2609 locutus
1122 2550 1193 2625 est3
1213 2543 1352 2617 servivit

251 2645 338 2709 enim
352 2642 546 2708 foedissimis
558 2645 795 2729 voluptatibus,
804 2664 963 2729 suamque
976 2648 1051 2730 ipse
1065 2646 1259 2711 sententiam
1269 2648 1350 2713 vitae

252 2746 417 2827 pravitate
431 2744 595 2812 dissolvit.

317 2932 543 3019 Hieronymus
558 2936 590 2999 in
605 2937 751 3021 epitaph.
767 2934 985 3021 Neapolitani
1000 2935 1045 2999 ad
1061 2934 1292 3025 Heliodorum.
1347 2991 1353 2997 .

298 3068 416 3153 Neque
432 3068 518 3133 enim
532 3072 690 3155 proposui
705 3068 879 3135 historiam
891 3070 1045 3147 scribere,
1061 3068 1120 3133 sed
1135 3075 1264 3134 nostras
1277 3070 1351 3135 bre·

252 3171 336 3234 viter
348 3171 427 3235 flere
441 3172 605 3250 miserias,
630 3173 777 3256 alioquin
799 3173 915 3237 merito
937 3171 982 3236 ad
1000 3172 1077 3237 haeo
1098 3172 1298 3255 explicanda
1316 3179 1352 3237 et

252 3270 465 3357 Thucydides
480 3281 515 3339 et
528 3274 704 3339 Sallustius
719 3275 802 3341 muti
816 3276 891 3339 sint.

506 3456 551 3523 Et
563 3458 621 3524 lib.
640 3478 666 3524 1.
681 3459 840 3525 adversus
853 3460 876 3524 J
878 3460 1078 3525 ovimanurn.

295 3591 413 3659 Cicero
426 3600 562 3676 rogatus
577 3595 619 3657 ab
636 3594 761 3673 Hirtio,
777 3600 814 3657 ut
827 3604 903 3677 post
915 3595 1088 3679 repudium
1106 3594 1281 3674 Terentia,
1296 3616 1351 3679 so,-

250 3714 355 3761 rorem
373 3695 446 3778 ejus
466 3695 610 3773 duceret,
635 3696 768 3760 omnino
796 3695 859 3760 hoc
885 3695 993 3760 facere
1017 3697 1214 3779 supersedit,
1234 3697 1350 3764 dicens

250 3816 316 3859 non
331 3815 430 3879 posse
446 3798 538 3861 uxori
552 3816 588 3859 se
602 3802 635 3861 et
650 3794 880 3880 Philosophiae
896 3799 1018 3881 paritor
1032 3818 1167 3881 operam
1180 3797 1278 3879 dare3
1293 3800 1353 3865 illa

249 3898 378 3963 iuterim
394 3898 539 3982 conjunx
552 3899 691 3981 egregia,
707 3906 740 3963 et
754 3919 831 3984 quae
846 3900 886 3963 de
897 3900 1041 3964 sontibus
1054 3900 1218 3985 'l'ullianis
1231 3901 1351 3969 hause-

249 4005 302 4063 rat
315 4000 523 4083 sapientiam,
538 4001 653 4082 nupsit
673 3999 836 4066 Sallustio
850 4002 986 4067 inimico
1001 4002 1085 4086 ejus,
1100 4009 1133 4066 et
1147 4005 1242 4068 tertio
1256 4002 1350 4071 Mes·

249 4100 330 4165 salae
346 4098 504 4179 Corvino,
519 4106 553 4166 et
567 4102 662 4185 quasi
678 4122 737 4186 per
749 4101 915 4191 quosdam
936 4102 1057 4189 gradrm
1078 4104 1273 4189 eloquentiae
1290 4104 1349 4172 de·

249 4201 362 4267 voluta
376 4206 437 4269 est.
559 4214 564 4235 '·
681 4212 686 4219 '
744 4210 756 4233 '
815 4216 819 4221 “
855 4213 860 4223 ‘
