3092 4884
239 398 284 464 aa
658 414 707 465 uu
730 406 941 465 siunusrre

242 558 427 633 Arruntius,
443 559 494 623 vir
517 578 600 625 raras
623 558 833 643 frugalitatis,
846 560 905 643 qui
930 556 1103 623 Historias
1125 558 1204 623 belli
1219 558 1339 626 Punici

240 661 386 744 scripsit,
402 659 466 725 suit
480 660 713 739 Sallustianus,
728 661 809 727 etin
823 661 905 725 illud
918 681 1022 744 genus
1033 661 1151 726 nitens.

696 863 740 930 Et
751 862 882 929 ibidenn

284 1002 371 1083 Quae
386 1000 474 1085 apud
489 1000 682 1065 Sallustium
705 1018 780 1064 rara
801 999 941 1078 fuerumt,
959 1000 1048 1083 apud
1064 998 1253 1066 Arruntium
1267 1020 1336 1065 ere·

239 1105 298 1168 bra
312 1108 398 1181 sunt,
412 1110 444 1167 et
466 1122 562 1186 paene
587 1102 754 1179 continua,
777 1120 840 1165 uec
863 1102 934 1165 siue
953 1120 1077 1181 causa3
1111 1101 1167 1165 ille
1187 1101 1275 1165 enlm
1300 1102 1335 1165 in

238 1208 311 1271 lraec
326 1206 512 1286 incidebat;
535 1212 570 1269 at
583 1204 636 1267 lric
651 1204 709 1267 illa
728 1205 906 1287 quaerebat.

381 1392 424 1456 Et
437 1392 494 1456 lib.
512 1406 567 1455 rx.
584 1390 680 1456 Deci.
695 1392 726 1455 1.
740 1396 773 1455 at
787 1388 997 1455 connovers.
1013 1390 1064 1457 25.
1078 1391 1137 1456 lib.
1153 1408 1188 1456 v.

281 1525 366 1591 Cum
382 1528 427 1590 sit
439 1528 610 1611 praeeipua
631 1525 663 1589 in
685 1524 880 1608 ‘llrucydide
894 1526 997 1590 virtus
1011 1526 1166 1602 brevitas,
1181 1526 1245 1589 hac
1257 1544 1331 1589 euru

238 1628 414 1714 Sallustius
428 1630 519 1705 vicit,
535 1634 568 1691 et
582 1629 617 1691 iu
638 1629 707 1691 suis
721 1628 813 1691 illum
834 1628 953 1692 castris
973 1626 1103 1704 cecidit,
1116 1646 1194 1690 narn
1207 1628 1242 1691 in
1258 1638 1331 1690 sen·

236 1731 337 1795 tentia
361 1729 482 1795 Graeca
507 1736 576 1793 tam
598 1730 701 1803 brevi,
717 1747 818 1811 quarn
832 1729 928 1793 salvo
941 1748 1039 1793 seusu
1054 1728 1204 1791 detrahas
1213 1748 1332 1793 vocem
1451 1800 1465 1813 ,

233 1833 393 1915 aliquam,
408 1830 571 1894 constabit
592 1848 718 1907 seusus,
741 1830 874 1895 etiarnsi
896 1848 962 1893 nou
980 1849 1076 1914 seque
1089 1838 1233 1904 campus,
1249 1838 1331 1897 atta·

233 1952 309 2001 meu
324 1936 467 2015 integer3
488 1938 524 1997 at
534 1950 577 1995 ex
592 1930 741 1997 Sallustii
756 1934 919 1996 sententia
929 1930 1011 1997 nihil
1025 1932 1112 1996 darni
1126 1934 1197 1996 sine
1211 1950 1332 1997 seusus

235 2034 427 2099 detrimento
441 2040 560 2117 potest.
604 2032 699 2096 'litus
722 2038 833 2097 autem
848 2032 964 2098 livius
974 2042 1043 2099 taur
1057 2036 1188 2118 iniquus
1202 2035 1329 2101 Sallus·

233 2138 283 2201 tio
297 2136 372 2212 fuit,
387 2143 424 2201 nt
439 2136 522 2201 hanc
548 2138 658 2218 ipsam
681 2136 888 2213 sententian,
903 2142 937 2199 et
959 2143 1113 2220 tanquam
1125 2137 1328 2215 ausuum,

233 2245 267 2304 et
281 2246 440 2322 tauquam
454 2243 652 2320 corruptam,
675 2236 750 2300 duur
773 2238 1012 2314 transferretur,
1027 2238 1188 2322 objiceret
1201 2236 1330 2301 Sallus·

232 2340 292 2417 tiu,
316 2359 377 2403 nec
400 2356 512 2401 amone
535 2337 742 2420 Thucydidis
764 2337 856 2415 facit,
882 2345 920 2403 ut
940 2340 1032 2403 illruu
1055 2340 1230 2424 preterea
1266 2341 1326 2405 aed

231 2440 345 2505 laudat
358 2460 457 2524 quern
471 2459 534 2504 non
547 2443 649 2517 timet,
664 2444 698 2504 et
719 2440 851 2505 facilius
867 2447 962 2525 putat
986 2462 1087 2526 posse
1103 2462 1124 2507 a
1147 2463 1184 2507 se
1199 2443 1327 2507 Sallus·

230 2541 313 2605 tium
326 2542 424 2619 vinci,
440 2543 469 2605 si
482 2551 554 2606 aute
570 2542 797 2626 aThucy'dide
811 2544 970 2610 vincatur.

619 2728 786 2795 Martialis
799 2732 857 2795 lib.
874 2748 956 2796 xrv.

274 2862 343 2927 Hic
355 2861 428 2937 erit,
442 2864 479 2923 nt
493 2858 663 2943 perhibent
677 2860 848 2927 doctorum
861 2864 962 2929 corda
975 2867 1130 2944 virorum,

313 2962 455 3049 Crispus
469 2962 623 3027 Romana
636 2964 762 3046 primus
776 2966 810 3028 in
822 2966 969 3031 historia.

611 3148 839 3229 Quintilianus
856 3171 894 3217 rr.
910 3156 942 3221 5.

272 3284 389 3351 Livius
412 3306 433 3349 a
454 3286 566 3371 pueris
591 3288 696 3369 magis
720 3277 876 3371 legendus
896 3311 996 3375 quam
1018 3290 1204 3385 Sallustius,
1219 3296 1319 3363 ethic

228 3388 389 3453 Historias
402 3390 536 3473 majoris
550 3396 602 3451 est
617 3396 750 3454 auctor:
785 3391 827 3455 ad
841 3413 938 3477 quern
956 3402 1065 3459 tamen
1079 3396 1319 3479 intelligendum

221 3491 292 3574 jarn
307 3488 453 3573 proiectu
464 3509 550 3573 opus
565 3492 620 3555 sit.

680 3660 723 3727 Et
740 3667 861 3729 rrr.10.

268 3789 408 3875 Crispus
423 3791 600 3857 Sallustius
613 3795 646 3857 iu
660 3796 749 3862 bello
763 3798 787 3862 J
789 3802 963 3881 ugurthinu
979 3811 1014 3867 et
1028 3802 1223 3872 Catilinario
1236 3806 1317 3873 nihil

221 3892 267 3961 all
280 3894 448 3959 historiam
460 3896 695 3977 pertinentibus
709 3901 884 3985 principiis
897 3924 992 3970 ursus
1006 3914 1066 3971 est.

689 4070 733 4136 Et
747 4088 798 4138 rv.
812 4074 846 4138 2.

266 4196 411 4266 Vitanda
424 4202 482 4269 illa
496 4202 706 4285 Sallustiana,
720 4164 908 4295 {nunquam
922 4211 1047 4297 inipso
1061 4215 1192 4283 virtutis
1205 4218 1321 4301 lacuna
