3092 4884
613 473 825 537 sennusma
1223 462 1267 528 21

163 626 175 667 ‘-
189 639 244 685 ros
258 623 371 702 gestes
386 616 508 701 Populi
523 617 666 683 Romani
682 618 843 705 carptim‚’
864 621 916 687 sic
938 622 1011 705 ipae
1023 622 1181 707 loquitur,
1206 627 1269 691 ‘ut

164 740 309 806 quaeque
332 720 490 783 momoria
513 720 614 803 digua
638 722 823 787 viderentur
848 726 1071 807 perscribere3
1093 745 1136 791 eo
1155 727 1269 808 ‘mugla

166 827 256 911 qnod
282 826 316 889 ei
345 845 367 887 a
395 843 466 906 spe,
493 829 593 901 metu,
622 823 771 907 partibus
794 824 1006 908 Reipublicae
1029 829 1161 893 animus
1184 830 1269 895 liber

166 928 259 995 erat!
309 926 399 991 Haec
424 930 498 991 sunt
526 926 627 989 verba
652 925 796 989 hominia
825 925 963 991 honores
989 928 1097 993 nullos
1125 931 1270 1013 amplius

168 1030 344 1113 sperantis,
366 1034 425 1091 aut
447 1032 533 1093 certe
548 1027 761 1092 ambitionem
775 1030 907 1111 egregia
929 1030 1179 1095 dissimulantis·
1222 1032 1270 1098 At

21 1136 29 1187 μ
168 1152 228 1197 „00
251 1138 329 1195 ante
354 1128 579 1193 dissimularat
606 1129 765 1193 honorum
795 1128 1034 1211 cupiditatem
1057 1151 1118 1197 neo
1139 1139 1267 1216 penten,
1385 1210 1389 1218 .

168 1252 276 1297 renum
289 1234 435 1314 potiente
449 1228 596 1306 Cessare,
612 1250 725 1301 eorum
739 1237 940 1297 contemtum
954 1254 1024 1316 praa
1040 1252 1077 1297 se
1089 1234 1175 1300 tulit.

211 1334 333 1417 Iraque
348 1339 423 1397 aute
435 1334 550 1397 omnia
562 1331 788 1397 Catilinariam
808 1334 1167 1419 commoneamque
1189 1353 1268 1402 oon·

168 1438 285 1519 tigerat
299 1454 386 1499 anno
400 1435 473 1518 ejus
487 1434 692 1511 vitae-xxx„
707 1452 748 1498 ac
770 1434 907 1517 proinde
928 1437 1023 1521 qu'us
1043 1437 1136 1501 testie
1150 1436 1268 1517 meat,

167 1538 309 1603 scribere
322 1536 476 1601 undecim
490 1537 620 1600 circiter
633 1540 710 1617 post
732 1536 828 1597 anuis
846 1554 1022 1617 aggressos
1036 1543 1099 1615 ast,
1112 1538 1143 1603 si
1157 1538 1269 1605 calcu.

167 1638 219 1707 ns
247 1646 333 1705 recte
357 1638 521 1722 ponimns.
566 1636 653 1701 Tum
676 1636 907 1718 Jugurthinum
933 1639 1066 1717 bellum,
1090 1640 1181 1723 quod
1209 1640 1269 1705 diu

169 1746 346 1825 autequam
361 1748 562 1817 nasceretur,
577 1746 610 1804 et
625 1738 743 1817 Civile,
765 1740 856 1822 quod
878 1760 922 1805 eo
947 1760 1052 1823 puero
1067 1748 1195 1821 gestumr
1206 1741 1268 1821 eat,

167 1845 377 1927 conscripsit.
422 1842 526 1907 Periit
540 1848 738 1925 postremum
755 1841 862 1925 Opus,
877 1844 907 1905 si
920 1844 1101 1919 fragmenta
1115 1842 1271 1925 quandum

21 1990 29 2027 :
167 1945 331 2027 excipias,
347 1964 423 2027 quoe
437 1952 543 2009 mmen
557 1950 608 2007 sat
622 1944 733 2026 ampla
746 1944 790 2007 ad
805 1962 866 2008 nos
879 1948 1103 2027 pervenerunt,
1116 1949 1212 2007 atax
1223 1943 1268 2009 iia

167 2046 344 2127 intelligere
358 2047 537 2129 possimus,
550 2063 615 2110 non
629 2046 739 2109 minus
758 2051 915 2110 accurate
927 2063 969 2109 ac
980 2050 1093 2109 cetera
1103 2045 1270 2128 perscrip-

167 2151 238 2211 tum
251 2146 380 2213 fuisse·
425 2146 492 2211 Sed
514 2145 595 2209 mihi
616 2145 731 2211 videor
744 2165 790 2211 ax
810 2146 886 2211 loco
900 2143 1044 2213 Ausonii
1057 2162 1161 2227 posse
1173 2144 1269 2209 colli-

167 2266 242 2330 gere
257 2254 415 2332 tempora,
428 2268 569 2333 quorum
585 2248 772 2313 Historiam
788 2250 966 2331 scripserat
978 2246 1167 2323 Sallustios,
1177 2247 1212 2309 in
1226 2246 1271 2311 iis

167 2348 262 2415 libris
275 2351 331 2434 qui
346 2352 519 2434 perieramt.
562 2348 733 2415 Ausonius
747 2350 784 2413 iu
798 2348 920 2433 Idyllio
936 2364 1081 2425 xxxia,
1096 2347 1141 2413 ad
1154 2345 1270 2431 Napo-

168 2456 245 2531 tcm,
259 2451 359 2516 docet
370 2472 517 2535 puerum,
534 2471 619 2535 qnos
632 2451 733 2517 libros
747 2453 857 2533 legare
871 2470 948 2515 eum
961 2452 1123 2533 oporteat,
1136 2453 1172 2513 et
1183 2466 1269 2532 quoa

168 2555 255 2638 ipse,
268 2553 302 2617 in
316 2554 456 2635 gratiam
470 2556 542 2639 ejus
563 2554 598 2617 in
618 2571 751 2619 manum
770 2554 889 2616 iterum'
907 2567 1035 2614 sumere
1057 2550 1103 2614 eit
1122 2552 1269 2631 paratus.

168 2656 288 2741 ltaque
302 2662 482 2723 memorato
496 2656 659 2734 Terentio,
674 2656 723 2721 sic-
735 2656 883 2740 loquitur
896 2654 938 2718 do
952 2652 1104 2719 Sauustii
1115 2652 1233 2717 libris:

212 2844 449 2923 senlacium,
463 2842 618 2921 Catilina,
640 2847 752 2924 tuum3
776 2843 958 2927 Lepidique
972 2841 1156 2918 tumultum,

174 2992 178 3003 .
213 2944 270 3009 Ab
281 2946 425 3031 Lepido,
438 2952 472 3013 et
481 2946 621 3027 Catul03
638 2946 711 3030 jam
723 2965 778 3009 res
791 2950 826 3011 et
839 2951 991 3027 tempora
998 2942 1118 3009 Rome

214 3046 331 3127 Orsus,
345 3050 399 3113 bis
413 3068 511 3113 senos
526 3050 642 3113 seriem
656 3053 816 3113 connecto
829 3068 889 3131 per
903 3065 1018 3111 annos.

213 3148 236 3214 J
238 3169 292 3215 am
307 3152 380 3232 lege
393 3150 484 3215 civili
498 3150 638 3213 missum
652 3148 807 3213 Mavorte
820 3147 977 3224 ducllum,

214 3250 325 3315 Movit
339 3250 429 3335 quod
443 3252 537 3317 socio
549 3250 716 3315 Sertorius
731 3249 810 3313 exul
825 3248 936 3314 Ibero.
1029 3282 1034 3289 ·

172 3420 261 3488 Haec
276 3428 354 3487 suut
366 3423 480 3487 omma
500 3440 604 3505 opero
619 3420 782 3499 Sallustii,
801 3424 943 3504 excepto
956 3418 1045 3484 bello
1059 3418 1269 3504 iugurthino,

171 3523 261 3609 quod
286 3544 344 3589 our
369 3523 514 3589 omiserit
540 3522 721 3602 Ausonius,
746 3542 812 3588 non
824 3522 981 3608 intelligo.
1025 3520 1127 3588 Forte
1141 3523 1271 3606 aliquot

171 3644 285 3691 versus
309 3632 470 3692 vetustate
499 3608 742 3691 interciderunt.
789 3642 813 3690 1.
837 3622 990 3689 Occurrit
1010 3624 1133 3688 bellum
1153 3622 1272 3689 Catili·

170 3728 309 3806 nnrium,
335 3728 376 3793 de
405 3748 473 3812 quo
508 3728 590 3794 nihil
625 3748 762 3793 necesse
782 3733 836 3792 ost
863 3726 984 3791 dicere.
1042 3742 1083 3791 ιι.
1119 3724 1272 3789 Historia

172 3830 333 3895 tumultus
347 3830 515 3895 excitatio
528 3830 648 3895 Marco
664 3828 801 3893 AEmilio
816 3828 957 3911 Lepido,
972 3846 1057 3891 anno
1070 3823 1174 3891 Urbis
1183 3825 1271 3890 Con-

171 3931 251 3998 ditoe
268 3948 501 3997 ncaxxxvrr.
524 3942 702 4016 postquam
716 3950 803 3995 anno
815 3929 976 4013 superiori
992 3926 1119 3994 Consul
1132 3926 1268 3994 fuisset:

171 4035 202 4101 is
216 4034 375 4099 tumultus
389 4054 411 4099 a
426 4034 589 4118 Pompeio
603 4042 637 4098 et
651 4031 769 4099 Catulo
782 4048 963 4115 oppressus
972 4036 1034 4107 est,
1043 4028 1159 4097 eodem
1170 4046 1269 4092 anno.

173 4152 230 4203 111.
253 4134 336 4202 lude
350 4134 526 4203 Sallustius
539 4136 716 4219 scripserat
726 4134 912 4198 Historiam
922 4151 1029 4197 rerum
1039 4133 1074 4196 in
1083 4130 1272 4215 Republica

479 4326 492 4374 1
509 4296 972 4374 ruerenu1e011¹.ormne.1o.'
