3092 4884
612 390 823 461 snubusirr.
1223 402 1267 472 la

161 556 237 619 erte
257 551 384 619 bellum
411 548 501 619 'obiit
531 548 721 631 Actiacum,
746 557 786 618 ut
812 552 900 617 idem
927 554 1043 621 scribit
1068 556 1113 623 ad
1140 577 1264 628 mnum

163 668 440 721 uooooeuxxx.
472 654 698 721 Doctissimus
717 654 943 740 Hieronymus
955 655 1100 725 Woliius
1112 666 1265 745 putabat,

160 774 283 825 nomeu
305 759 379 845 ejus
393 757 538 841 simplici
556 776 577 821 b
592 759 693 823 scribi
711 764 879 843 oportere,
902 760 985 843 quia
1006 762 1059 826 vel
1081 783 1103 827 a
1127 765 1196 830 sale
1208 769 1264 845 sit,

162 862 217 926 vel
231 863 350 929 salute.
382 862 450 928 Sed
465 860 563 945 ἔτυμον
578 869 755 949 utrumque
769 869 821 927 est
830 864 1002 929 incertum.
1035 866 1079 932 Et
1091 888 1152 934 cur
1162 890 1265 940 noua

160 964 232 1029 saie
245 965 412 1048 geminato
427 982 474 1030 nn
489 984 587 1050 seque
605 985 679 1031 esse
693 969 810 1051 possit,
825 985 867 1031 sc
881 968 925 1031 ab
940 968 1057 1033 eodem
1070 974 1162 1040 veuit
1172 973 1264 1057 selle,

162 1066 249 1131 unde
263 1064 402 1146 selbun,¹
411 1086 472 1153 pro
486 1067 598 1133 salsoi
634 1066 749 1146 Quare
763 1074 859 1152 puto,
873 1088 941 1135 non
954 1072 1172 1140 resedendum
1186 1093 1268 1145 esse

15 1166 17 1189 '
161 1190 185 1234 a
197 1170 291 1236 libris
305 1173 460 1255 antiquis,
470 1164 576 1255 'atque
595 1170 881 1255 inscriptionibus,
894 1171 930 1235 in
943 1174 1065 1256 quibus
1081 1194 1103 1239 n
1119 1181 1265 1259 gemina.

161 1278 226 1339 iur-
268 1272 437 1339 Tribunus
459 1273 569 1357 plebis
590 1279 673 1351 erat,
687 1294 755 1358 quo
768 1292 858 1339 anuo
872 1272 1012 1341 Clodius
1026 1296 1049 1342 a
1063 1278 1191 1347 Milone
1205 1303 1264 1349 oc-

161 1378 253 1443 cisus
274 1376 350 1454 suit,
365 1380 448 1460 puta
469 1394 557 1441 auno
574 1392 698 1455 nonin,
721 1396 791 1461 quo
815 1376 877 1443 Cn.
894 1378 1079 1464 Pompeius
1105 1382 1263 1467 Magnus,

161 1479 387 1563 compluuibus
400 1478 571 1543 mensibus
585 1480 699 1543 consul
718 1480 792 1543 sine
812 1480 945 1563 collega
963 1482 1038 1548 suit.
1081 1484 1264 1553 Tribunatu

160 1600 214 1660 eo,
229 1600 327 1666 quem
340 1580 520 1645 noliacum
542 1580 641 1645 laude
655 1580 769 1663 gessit,
783 1586 822 1646 ut
835 1579 999 1662 Ciceroni,
1022 1586 1069 1649 ita
1082 1586 1264 1671 etMileni,

160 1684 300 1749 infestm
326 1682 504 1747 admodum
531 1682 616 1746 errat:¹
637 1681 741 1765 idque
763 1683 844 1765 quia
864 1683 899 1747 in
920 1682 1068 1765 Faustae,
1093 1687 1133 1753 u.
1158 1688 1263 1757 Sullte

159 1785 251 1863 lilim,
265 1783 429 1851 adulterio
450 1782 681 1867 deprehensus,
703 1784 808 1865 virgis
832 1804 854 1848 a
876 1784 1004 1851 Milone
1029 1795 1117 1854 esset
1137 1810 1262 1873 caesus,

159 1904 221 1953 uec
234 1889 298 1953 nisi
312 1886 458 1971 pecunia
471 1885 552 1951 date
564 1885 737 1951 dimissus.
783 1885 916 1970 Nempe
932 1888 1022 1953 istud
1034 1890 1069 1953 in
1083 1910 1187 1958 causa
1199 1902 1264 1976 est,-

15 2004 23 2025 ⁶
160 2010 221 2057 cur
238 1989 411 2057 Clodianis
435 2009 564 2075 semper
588 1989 750 2056 studuerit
771 1990 929 2055 adversus
954 1990 1129 2059 Milouem.
1172 1993 1265 2063 vius

164 2080 357 2173 Pediauum,
371 2092 528 2171 Gellium,
543 2090 708 2170 Servium,
725 2090 859 2157 Horatii
870 2092 1078 2177 interpretes:
1096 2097 1177 2163 item
1188 2116 1263 2165 ora·

157 2196 284 2261 tionem
306 2198 370 2261 sub
396 2194 567 2261 Ciceronis
590 2195 721 2260 nomine
739 2194 813 2279 jam
837 2190 1034 2277 Augtrstaeo,
1056 2197 1110 2261 vel
1134 2198 1264 2266 Tiberii

160 2316 249 2379 aevo,
263 2298 397 2363 editam.
442 2296 498 2361 Ex
518 2296 640 2380 quibus
661 2296 762 2361 etiam
784 2294 1017 2373 dbicimus,ob
1035 2298 1200 2367 adulteria
1220 2323 1264 2369 ac

159 2408 277 2486 stupra
290 2406 407 2467 senatu
422 2399 526 2465 inisse
539 2402 667 2464 motum
680 2398 723 2463 ab
739 2396 855 2482 Appio
880 2394 1024 2463 Claudio
1048 2398 1204 2484 Pulchro,
1229 2412 1265 2473 et

158 2502 201 2569 Ia.
226 2501 429 2587 Calplruruio
448 2500 578 2567 Pisone
602 2499 759 2565 Caesonio
782 2498 879 2563 Coss.
902 2518 1022 2583 nempe
1047 2495 1132 2568 anuo
1158 2502 1264 2571 Urbis

160 2622 302 2683 bocru,
312 2607 386 2669 sive
395 2606 497 2690 juxta
510 2604 593 2669 elios
605 2602 742 2669 socru:
759 2600 991 2686 quoconsules
1003 2610 1096 2669 mant
1105 2604 1144 2670 L.
1155 2606 1263 2673 AEmi·

158 2708 223 2773 lius
238 2704 378 2773 Paullus
392 2712 426 2771 et
440 2704 481 2771 C.
497 2702 659 2770 Claudius
675 2703 867 2769 Marcellus.
904 2702 988 2787 Ejus
1001 2724 1021 2769 e
1037 2705 1162 2773 Senatu
1173 2708 1265 2794 ejec-

158 2809 257 2877 tionis
280 2808 429 2873 meminit
453 2814 488 2872 et
512 2804 581 2871 Dio
606 2805 666 2869 lib.
682 2821 747 2871 xi..
791 2803 846 2871 Ac
871 2826 913 2870 ne
939 2807 1042 2872 alium
1068 2807 1263 2877 Sallustium

158 2910 284 2993 signari
313 2913 426 2994 putes,
447 2909 545 2974 clare
571 2908 621 2973 alt
649 2907 685 2973 id
714 2909 892 2992 contigisse
919 2908 1100 2995 Σαλώσπῳ,
1133 2918 1177 2997 τῷ
1212 2918 1264 2993 τὴν

158 3011 284 3098 ἱστορίαν
305 3010 522 3099 συγγράψαντι.
580 3010 633 3077 Εο
660 3028 746 3075 anno
776 3010 862 3077 Milo
878 3011 952 3096 jam
973 3012 1148 3080 exulabete
1174 3016 1263 3082 unde

159 3116 383 3199 consequitur,
405 3114 495 3199 quod
519 3134 541 3179 a
562 3112 690 3179 Milone
715 3112 865 3179 Tribuuo
880 3115 927 3197 pl.
948 3115 1050 3197 virgis
1072 3119 1264 3183 coesumdi.

158 3219 328 3295 cebamus,
342 3215 379 3282 id
392 3220 490 3283 autea
503 3217 698 3299 contigisse3
720 3236 789 3281 non
802 3235 903 3300 eopse
919 3234 1016 3295 amo,
1031 3222 1069 3282 ut
1086 3222 1139 3283 sir
1151 3221 1263 3286 mndi-

157 3328 212 3387 tus
232 3320 387 3405 putebat·
431 3318 542 3383 Etiam
556 3318 715 3383 discimus
736 3317 854 3383 iisdem
876 3339 919 3383 ex
941 3320 1170 3403 scriptoribus,
1182 3342 1206 3386 e
1220 3322 1262 3391 C.

156 3422 251 3489 Julio
264 3419 412 3499 Caesare,
426 3440 532 3485 rerum
541 3422 665 3505 potito,
681 3420 874 3504 dignitatem
895 3420 1104 3487 Senatoriam
1123 3438 1263 3510 recupe-

157 3544 263 3605 rasse,
291 3528 558 3608 quoestoremque
585 3522 723 3601 iactum,
749 3530 785 3588 et
810 3528 931 3607 postea
955 3525 1055 3589 etiam
1077 3531 1262 3609 praeturam

158 3627 354 3693 obtinuisse.
387 3623 555 3689 Praetores
569 3625 766 3689 mentionem
782 3606 916 3710 duoque
929 3627 1062 3693 invenio
1076 3628 1166 3713 apud
1181 3628 1263 3695 Hir·

156 3730 240 3795 tium
251 3745 350 3812 paene
363 3726 456 3791 initio
475 3724 551 3789 libri
574 3725 618 3789 be
640 3722 727 3791 bello
742 3723 926 3792 Africano:
951 3728 1058 3792 ‘Item
1081 3727 1122 3794 C.
1137 3728 1263 3796 Sallus·

15 3830 16 3833 ’
157 3830 241 3896 tium
256 3827 413 3912 Crispum
424 3831 603 3909 praetorem
616 3825 660 3890 ad
674 3824 849 3893 Cercinam
862 3828 1004 3893 insulam
1018 3850 1145 3909 versus,
1159 3850 1263 3915 quarn

158 3930 343 3997 adversarii
357 3931 523 4008 tenebant,
540 3944 616 3993 cum
630 3933 725 4013 parte
746 3930 885 3995 navium
905 3932 953 3995 irc
970 3932 1081 4015 jubet;
1103 3932 1192 4016 quod
1212 3934 1263 3998 ibi

156 4053 310 4119 magnum
337 4049 507 4099 numerum
534 4030 686 4097 inrmenti
718 4050 794 4097 esse
821 4031 999 4099 audiebat.'
1056 4034 1143 4099 Item
1171 4034 1262 4119 apud

158 4136 302 4203 Dionem
314 4134 373 4201 lib.
390 4152 486 4201 xnus.
500 4133 543 4199 de
566 4135 629 4199 hoc
652 4134 728 4218 ipso
749 4135 860 4218 legas:
885 4135 1055 4221 Στρατηγὸς
1068 4140 1128 4222 γὰρ
1153 4136 1197 4198 tri
1215 4141 1268 4222 τᾷ-

157 4234 208 4319 nir
228 4235 336 4319 decade
357 4232 716 4319 temerariusque.
742 4238 886 4339 ‘Narrat
909 4233 1043 4318 ibidem,
1065 4246 1105 4305 ut
1128 4252 1204 4305 ‘oum
1224 4240 1269 4304 iu·
