3092 4884
290 371 358 437 ete
681 363 733 433 lo
754 387 789 432 c.
810 382 1005 432 omniun·
1029 386 1038 393 ·’
1102 386 1105 391 ·

289 533 336 597 Ιο“
346 530 483 613 publico
498 530 692 593 detineatur:
708 528 881 611 juventus·
896 526 1064 609 probitati,
1080 530 1113 589 et
1127 525 1306 602 industriae,
1321 544 1388 589 nun

292 633 463 708 sumtibus,
473 650 579 713 neque
588 629 727 706 divitiis,
742 630 886 693 studeat.
912 628 951 693 Id
965 629 1012 691 ite
1025 629 1166 705 eveniet,
1177 629 1206 690 si
1223 627 1390 711 pecrmiae,

291 754 367 819 quae
392 734 541 795 munium
561 733 705 793 omniurn
733 730 899 813 pernicies
926 736 987 806 est,
1015 727 1125 793 nsumb
1149 736 1248 812 etque
1273 729 1390 793 decus‘

290 834 459 898 demseris.
507 834 596 897 Nam
620 840 712 916 saepe
733 852 796 914 ego
821 852 896 896 cum
919 834 1030 895 animo
1043 850 1119 895 meo
1131 840 1298 915 reputans,
1313 831 1390 914 qui-

288 937 353 1001 bus
367 937 507 1019 quisque
522 936 620 999 rebus
629 931 726 999 clerid
739 936 802 997 viri
813 933 1069 1015 magnitudinem
1080 936 1292 1013 invenissent3
1307 952 1389 1016 quae

291 1058 346 1102 res
372 1040 517 1121 populos
537 1039 729 1101 nationesne
753 1038 882 1119 magnis
908 1036 1111 1101 auc-toribus·
1136 1036 1322 1113 auxissent3
1346 1053 1390 1099 ac

290 1138 411 1205 deinde
426 1141 549 1222 quibus
563 1140 678 1203 causis
694 1139 901 1221 amplissima
915 1156 1025 1219 regna,
1036 1144 1069 1201 et
1083 1138 1231 1221 imperia,
1246 1139 1391 1201 connis·

291 1248 377 1315 seut:
399 1242 515 1305 eadem
539 1260 669 1323 semper
682 1242 783 1318 bona,
799 1248 897 1324 atque
922 1241 1010 1303 mala
1025 1240 1236 1323 reperiebam,
1260 1256 1390 1301 omnes-

291 1354 356 1424 que
382 1344 527 1406 victores
554 1342 691 1405 divitius
724 1344 952 1419 contemsisse,
988 1347 1021 1405 et
1054 1336 1173 1405 rictos'
1206 1342 1389 1423 cupivisse.

292 1442 411 1527 Neque
436 1444 528 1508 aliter
553 1446 732 1526 quisquam
757 1444 917 1509 extollere
942 1462 1028 1521 sese,
1055 1449 1088 1507 et
1113 1442 1226 1505 divina
1240 1442 1389 1505 mortalis

290 1546 447 1627 attingere
462 1552 580 1627 potest,
597 1547 674 1622 nisi,
688 1548 822 1611 omissis
843 1547 995 1629 pecuniae
1020 1551 1053 1609 et
1077 1544 1227 1626 corporis
1244 1542 1388 1625 gaudiis,

290 1647 402 1719 auimo
416 1646 602 1729 indulgens,
615 1666 684 1712 non
697 1648 907 1725 assentando,
928 1666 1033 1730 neque
1048 1646 1225 1728 concupita
1239 1647 1390 1727 praeben-

290 1746 347 1824 do,
360 1757 566 1831 perversamss
578 1751 717 1831 gretiam
731 1750 934 1832 gratificaus3
954 1748 1013 1813 sed
1028 1748 1062 1811 in
1075 1749 1201 1821 labore,
1216 1748 1388 1829 patientia,

290 1851 452 1933 bonisque
465 1853 658 1935 praeceptis,
673 1860 706 1916 et
719 1853 817 1917 lactis
832 1853 972 1917 fortibus
985 1850 1205 1917 exercitando.

335 1951 423 2015 Nam
439 1952 585 2032 domum,
598 1962 657 2019 eut
671 1956 784 2019 villam
798 1962 959 2031 extruere,
976 1972 1114 2036 eamque
1128 1952 1243 2043 sigqis,
1256 1951 1389 2027 auleis,

290 2052 431 2135 aliisque
445 2056 603 2137 operibus
616 2077 785 2135 exemere,
807 2064 841 2120 et
866 2056 977 2121 omnia
999 2055 1123 2138 potius,
1146 2072 1247 2136 quern
1273 2060 1387 2130 semet,

290 2154 462 2219 visendum
476 2156 623 2237 efficere3
645 2160 680 2223 id
699 2157 763 2223 ee
785 2175 851 2221 uon
873 2157 1009 2221 divitias
1032 2156 1142 2221 decori
1167 2154 1300 2227 bebere.
1328 2153 1389 2217 sed

289 2254 399 2338 ipsum
414 2256 482 2319 illis
503 2258 633 2339 flagitio
646 2279 732 2323 esse.
777 2258 881 2324 Porro
903 2260 939 2335 ii,
965 2259 1086 2341 quibus
1101 2256 1154 2321 bis
1168 2255 1222 2321 die
1245 2262 1390 2319 venuem

290 2373 434 2436 onerate,
449 2361 572 2424 nullam
586 2368 719 2425 noctem
743 2362 816 2425 sine
838 2366 949 2425 scorto
964 2360 1133 2443 quiescere
1156 2378 1229 2423 mos
1243 2364 1310 2439 est3
1327 2358 1387 2421 ubi

290 2459 446 2539 animum,
470 2482 568 2544 quem
592 2464 752 2527 dominari
774 2464 928 2540 decebat,
954 2460 1090 2527 servitio
1109 2478 1316 2545 oppressere,
1331 2477 1390 2522 ue-

320 2712 385 2761 *Ab
404 2715 476 2779 areb]
508 2716 632 2766 Homines
655 2732 717 2766 vero
737 2732 819 2781 pravo
890 2716 1000 2781 dcem]
1042 2716 1072 2765 ln
1094 2714 1211 2765 omuibus
1233 2713 1305 2763 libris
1327 2714 1388 2762 elci

289 2788 342 2837 otto
354 2790 458 2853 perditi,
468 2787 523 2840 iuer
540 2798 601 2840 sunt
616 2798 644 2841 et
661 2792 743 2856 pestis
760 2792 819 2842 Rei·
859 2794 908 2857 legi
921 2794 1020 2845 Auctor
1029 2802 1070 2845 eat
1081 2792 1183 2844 Carrio:
1193 2807 1242 2841 uon
1253 2792 1389 2841 durissimi.

289 2864 409 2929 publiea.
890 2869 1068 2932 Ἀνακὼ]
1100 2868 1387 2934 lnquibusdanrrerip-

320 2948 333 2974 ⁸
347 2944 476 3006 amu]
509 2944 616 3008 Optime
639 2945 748 3008 Auctor,
774 2948 818 3012 qui
859 2946 1130 3007 numeramur-uu,
1149 2960 1197 3009 pro
1217 2960 1268 3009 quo
1284 2946 1388 2995 ciacco-

288 3030 373 3067 retum
392 3027 472 3082 caput
493 3021 607 3084 attingit.
640 3021 728 3084 Atque
747 3024 818 3086 equi-
858 3022 914 3071 nius
931 3024 1034 3084 reponit
1044 3021 1159 3079 addua
1177 3021 1265 3085 punit
1275 3021 1349 3070 la‘ric
1360 3028 1389 3070 et

290 3092 349 3143 dem
368 3095 437 3143 baud
455 3095 522 3145 istud
541 3096 602 3145 dieo
621 3111 670 3159 per
685 3097 817 3160 impudeu·
857 3097 1064 3147 Tacitousituta.

289 3170 361 3229 dum,
383 3172 499 3234 quaetio
519 3172 690 3237 uirorumue
712 3174 818 3236 politico
890 3170 1009 3235 ‘Vietod
1041 3173 1149 3223 Scilicet
1160 3172 1385 3236 iuilrprogreuua

288 3243 386 3308 aliquid
415 3246 495 3295 emim
522 3249 584 3297 alibi
613 3248 817 3311 reprehendun
858 3246 976 3309 iacimus,
989 3249 1081 3312 quibui
1098 3248 1283 3299 incumbimurr
1300 3260 1384 3312 arque

287 3334 377 3371 verum
389 3324 450 3386 quia
464 3332 591 3387 querutum
607 3326 634 3373 iu
648 3326 817 3389 juventutem
857 3325 913 3373 lieri
924 3332 1012 3388 potest
1031 3332 1069 3385 ut,
1087 3325 1131 3388 qni
1150 3326 1261 3372 maximo
1278 3334 1337 3373 cum
1349 3322 1385 3370 la·

288 3407 424 3459 peccetur,
434 3401 553 3462 poenitet.
858 3401 921 3450 bure
941 3399 1133 3450 accumulandis
1152 3398 1249 3447 divitiis
1275 3396 1384 3459 rieden,

297 3471 438 3537 .'’llrua]
470 3475 817 3538 deuteronomium
857 3476 1087 3525 eineeovirtuteur
1098 3472 1286 3525 uuutrrrsuerit.

289 3561 365 3615 quem
376 3551 545 3601 mrehubuit.
888 3550 1069 3615 thm]
1096 3549 1190 3610 Idert,
1198 3547 1385 3611 Queplurdo-

322 3632 333 3659 ²
349 3626 439 3688 cm]
461 3627 535 3691 Cum,
545 3642 598 3676 acu
608 3627 722 3679 honines
733 3628 818 3692 nodo,
857 3627 919 3677 loric
928 3634 958 3675 et
967 3627 1028 3677 mall
1039 3625 1140 3689 efferet,
1151 3638 1226 3689 quun
1238 3624 1385 3689 voluptatis.

289 3701 336 3752 ud
355 3718 429 3751 cuiue
448 3704 518 3767 quod
539 3711 587 3766 est,
606 3718 663 3754 ecre
682 3720 771 3768 porro,
789 3712 818 3755 et
888 3701 1003 3767 ilua]
1036 3703 1141 3753 Utinam
1160 3702 1230 3751 istud
1247 3700 1385 3763 aliqnando

287 3778 356 3829 tene
367 3792 423 3828 esee
441 3793 489 3842 per
506 3786 624 3827 uatunm
639 3788 749 3844 qureret,
759 3794 818 3843 pro·
857 3780 894 3829 illi
911 3780 996 3829 auimo
1008 3776 1223 3843 repeterentqui
1233 3790 1272 3837 ee,
1284 3791 1329 3839 per
1345 3776 1384 3825 dt-

288 3870 349 3905 ruuo
360 3864 400 3905 eat
417 3862 447 3905 ut
465 3854 492 3903 id
508 3855 545 3903 illi
561 3862 623 3905 ante
640 3860 727 3905 omniu
743 3871 816 3907 suurn
856 3855 978 3903 vitiorum
988 3854 1105 3913 abanan,
1122 3866 1173 3903 nea
1184 3852 1384 3902 meorumue·

287 3929 395 3989 faciant,
407 3946 454 3994 per
469 3932 538 3995 quod
556 3933 656 3995 reliqna
667 3946 816 3996 compunu-
856 3929 912 3981 fieri
925 3932 1096 3989 arbitratum
1108 3929 1164 3989 sed,
1175 3929 1270 3992 optetis
1281 3929 1385 3991 lumper

287 4013 340 4058 tur.
373 4009 476 4071 Exque
493 4008 657 4070 perspicuum
672 4015 723 4070 ert,
739 4024 815 4071 quarn
857 4008 947 4073 quitur
957 4008 1061 4072 gloriari
1079 4008 1146 4055 velle
1158 4006 1278 4055 ridentur
1294 4005 1384 4067 titulis,

287 4083 398 4146 pauline
409 4091 436 4130 et
448 4079 575 4145 degitioee
583 4084 743 4147 Reipublicae
754 4099 815 4135 cou-
855 4091 883 4133 et
895 4084 989 4133 Cbrirri
1001 4085 1113 4145 nomine,
1127 4082 1181 4148 ejus
1192 4080 1318 4143 membra,
1327 4094 1384 4129 m·

271 4158 384 4219 ¹rulant,
402 4174 445 4221 qur
462 4165 597 4222 trrtutem,
614 4160 745 4224 Honores,
763 4176 816 4213 om·
854 4158 1018 4225 quiue-que,
1035 4172 1084 4223 pre
1101 4158 1186 4222 libitu,
1201 4155 1313 4222 pedibas
1323 4160 1383 4221 pro·

286 4232 331 4287 nia
341 4232 454 4300 dentque
463 4241 573 4298 argento
582 4235 729 4300 subjiciunt.
854 4236 966 4289 culeum·
