3092 4884
234 396 285 465 84
544 416 567 453 .’
641 404 693 455 DB
719 401 928 455 SAlalaUS‘l'lO
950 446 956 453 .

568 592 766 659 Macrobius
781 592 853 658 Sat.
869 608 928 657 ιιι.
944 590 998 657 15.

279 732 470 810 Sallustius,
507 730 724 813 gravissimus
753 730 873 795 alianto
902 728 1044 794 luxuum
1080 725 1271 811 objurgator
1306 728 1341 789 st

237 856 366 902 censor.

711 1018 756 1084 Et
779 1038 814 1085 v.
831 1020 864 1084 1.

280 1158 432 1240 Quamor
453 1162 529 1221 sunt
549 1172 668 1239 genera
689 1152 841 1219 dicendi:
864 1153 1049 1240 copiosum,
1075 1151 1110 1218 in
1132 1174 1198 1238 quo
1222 1150 1342 1217 Cicero

238 1263 436 1327 dominatur:
460 1260 570 1335 breve,
593 1259 715 1341 inquo
739 1256 914 1321 Sallustius
935 1268 1067 1339 roguat:
1090 1257 1227 1334 siccum,
1249 1254 1339 1339 quod

239 1364 397 1429 Frontoni
423 1361 615 1426 ascribitur:
653 1360 772 1443 pingue
801 1365 835 1424 et
856 1359 1023 1438 floridum,
1054 1358 1089 1423 in
1118 1379 1185 1442 quo
1211 1357 1340 1423 Plinius

237 1462 403 1532 sccundus
427 1462 613 1547 quondam
637 1470 671 1527 et
694 1482 793 1541 nuuc,
808 1462 898 1528 nullo
922 1467 1066 1529 veterum
1091 1463 1207 1539 minor,
1229 1467 1340 1527 nostor

239 1565 455 1651 Symmachus
468 1564 663 1631 luxuriatur.

623 1753 841 1840 Symmachus
856 1772 892 1821 v.
906 1754 961 1820 66.

183 1894 187 1907 “
280 1888 411 1955 Interea
432 1906 551 1955 recuso
577 1892 784 1969 seutentiam,
809 1908 885 1974 quaa
912 1908 981 1954 rom
1005 1888 1192 1954 venaticam
1218 1860 1337 1955 sorvils

241 1991 322 2057 dicit
335 1989 490 2056 officium.
535 1991 692 2057 Statuerit
713 1993 778 2056 hoo
798 1992 938 2076 scriptor
952 1990 1039 2075 stylo
1059 1994 1186 2054 tantum
1200 1991 1342 2075 probau-

240 2093 323 2157 dus:
346 2111 423 2156 nam
437 2112 566 2156 morum
582 2092 655 2175 ojus
670 2092 793 2158 damna
805 2112 874 2157 non
885 2094 1008 2169 sinunt,
1023 2098 1062 2156 ut
1074 2093 1117 2157 ab
1131 2091 1190 2157 illo
1205 2090 1341 2177 mondus

240 2194 319 2287 vitae
336 2197 463 2279 potatis
478 2194 669 2281 auctoritas.

563 2379 733 2445 Ausonius
748 2382 782 2447 in
796 2382 1016 2466 Protreptico.

252 2504 254 2509 ¹
327 2515 350 2579 J
352 2534 405 2580 am
420 2514 548 2580 lacinus
564 2512 709 2580 Catilina
720 2522 826 2596 tuum,
839 2516 1023 2601 Lepidique
1037 2519 1222 2597 tumultum,

326 2616 383 2683 Ab
398 2616 527 2702 Lepido
541 2624 574 2683 et
590 2615 708 2683 Catulo
722 2618 796 2703 jam
809 2640 863 2683 res
878 2627 911 2683 ct
924 2625 1074 2703 tempora
1088 2619 1221 2700 Romae,

328 2717 446 2797 Orsus,
461 2719 515 2784 bis
531 2720 762 2785 sonosseriem
777 2725 935 2801 connecto
948 2740 1008 2803 per
1023 2740 1139 2787 anuos.
1309 2711 1315 2720 ’

253 2838 256 2848 ·
326 2818 348 2884 J
351 2839 406 2883 am
419 2820 493 2902 lego
507 2820 597 2883 civili
610 2821 746 2885 mistum
761 2820 915 2887 Mavorte
929 2822 1087 2901 duellum,

328 2920 440 2987 Movit
453 2921 543 3007 quod
558 2923 651 2988 socio
667 2920 832 2989 Sertorius
846 2922 927 2987 exul
941 2922 1052 2988 Ibero.

306 3109 463 3175 Sidonius
475 3108 679 3195 Apollinaris
700 3112 736 3176 in
754 3112 921 3196 Panegyri
938 3110 1107 3177 Anthemii
1122 3110 1277 3198 Augusti.

329 3242 407 3323 Qua
422 3243 560 3329 Crispus
574 3248 733 3331 brevitate
747 3247 868 3331 placet,
883 3268 950 3331 quo
965 3248 1112 3330 pondere
1124 3248 1244 3329 Varro,

329 3345 407 3423 Quo
421 3350 517 3429 genio
532 3346 686 3427 Plautus,
702 3368 769 3433 quo
783 3350 914 3414 flumina
930 3346 1171 3428 Quintilianus,

331 3444 409 3525 Qua
422 3468 546 3533 pompa
559 3448 700 3514 Tacitus
713 3468 883 3534 nunquam
898 3450 968 3515 siue
982 3450 1081 3517 lauda
1095 3452 1290 3538 loquendus.

535 3633 580 3699 Et
599 3636 635 3698 in
650 3635 815 3722 Panegyri
829 3636 865 3701 N
865 3638 1049 3706 arbonensi.

329 3764 374 3830 Et
387 3768 418 3829 te
431 3766 625 3832 multimoda
639 3770 722 3833 satis
736 3772 916 3836 verendum

329 3866 533 3951 Scriptorum
547 3872 779 3935 numerositate
794 3872 922 3939 Varro:

330 3966 374 4033 Et
389 3975 421 4033 te
435 3971 494 4053 qui
508 3972 667 4038 brevitate
681 3971 800 4058 Crispe
813 3976 937 4059 polles:

331 4070 376 4137 Et
388 4072 447 4155 qni
460 4092 522 4155 pro
537 4075 669 4156 iugenio
683 4075 816 4154 fluente,
830 4077 912 4144 nulli

330 4170 463 4241 Corneli
475 4174 592 4243 Tacita
605 4196 642 4243 cs
656 4178 814 4245 tacendus
828 4181 889 4245 ori.
