3092 4884
490 436 642 485 suorum
669 436 985 488 ur‘rusrrnoura.
1246 428 1290 492 ³7

211 657 306 727 Idem
318 663 360 727 de
373 662 459 729 locis
475 660 667 745 Hebraicis,
681 671 713 731 et
727 686 772 731 cx
785 687 826 733 eo
841 668 993 735 Isidorus
1008 667 1098 753 orig.
1112 686 1196 735 xiil.
1210 668 1264 733 21.

233 794 421 877 Sallustius,
438 806 553 866 auctor
566 802 779 871 certissimus.

438 971 646 1057 Augustinus
661 977 702 1044 de
718 976 860 1044 Ciuitate
873 980 941 1045 Dei
956 996 981 1043 1.
995 983 1029 1047 a

231 1104 421 1188 Sallustius,
436 1111 621 1178 nobilitatae
638 1114 785 1179 veritatis
797 1115 981 1181 historicus.
1003 1194 1008 1207 Ι

471 1284 515 1349 ut
529 1268 637 1370 aput
654 1307 686 1353 v.
702 1288 746 1355 aa
763 1288 1004 1355 nucerinum.

233 1414 472 1483 Nobilissimus
484 1414 676 1487 historicus.

333 1589 505 1656 iohannes
520 1591 784 1672 Sarisberieusis,
800 1593 993 1659 Policratici
1009 1611 1066 1661 111.
1081 1596 1136 1661 12.

232 1721 330 1787 Unde
354 1728 387 1787 et
410 1722 540 1807 Crispo,
567 1724 812 1792 Historicorum
835 1728 919 1791 inter
944 1728 1082 1794 Latinos
1101 1732 1291 1815 potissimo,

191 1823 249 1887 scd
263 1830 296 1889 et
310 1826 376 1910 ipsi
393 1824 544 1891 Ciceroni
559 1828 705 1912 placuit:
729 1829 771 1893 lu
790 1829 888 1894 malis
907 1827 1082 1894 factionem
1097 1852 1181 1912 esso,
1196 1832 1287 1920 quod

189 1926 223 1989 in
237 1928 316 1991 viris
330 1928 429 1994 bonis
443 1948 522 1993 vcra
536 1930 684 1994 amicitia
698 1937 758 1995 est.

615 2098 865 2168 Volaterranos.

234 2235 336 2301 Caius
351 2235 529 2302 Sallustius
546 2232 698 2320 Crispus,
714 2234 871 2301 Romam
892 2237 1021 2320 primus
1037 2236 1071 2321 in
1088 2238 1239 2320 historia,
1253 2246 1290 2304 ut

189 2340 236 2403 ait
250 2338 434 2407 Martialis:
449 2336 637 2422 Thucydidi
650 2358 694 2402 ex
708 2336 840 2403 Graecis
851 2339 1029 2423 opponitur
1042 2358 1065 2403 a
1075 2337 1289 2420 Quintiliano,

188 2444 349 2527 elegantia
363 2440 505 2518 dicendi,
521 2438 636 2505 Attica
657 2440 827 2519 brevitate,
845 2441 1074 2505 sententiarum
1090 2443 1290 2509 celebritate.

187 2542 339 2609 Taxatur
353 2550 462 2609 autern
476 2563 498 2606 a
510 2541 674 2620 Pollione,
688 2547 726 2606 ut
739 2542 837 2607 nimis
850 2541 1068 2626 antiquarius,
1084 2547 1174 2606 etex
1189 2542 1289 2611 Cato-

188 2647 239 2710 uis
255 2645 447 2731 Originibus
461 2647 563 2711 verba
576 2650 753 2710 mutuatus.
797 2642 910 2725 Trogo
931 2648 1051 2721 autem,
1065 2641 1155 2727 quod
1169 2646 1289 2714 oratio·

188 2749 283 2813 nibus
298 2750 395 2813 nimis
411 2748 518 2831 longis
533 2768 574 2812 ac
589 2746 721 2812 directis
737 2752 867 2811 utatur:
891 2746 990 2811 sicuti
1007 2746 1108 2809 etiam
1121 2745 1289 2831 Thucydi·

188 2848 257 2915 des.
303 2848 373 2914 Hic
398 2850 454 2913 ille
478 2848 631 2913 inimicus
649 2848 833 2925 Ciceronis,
855 2848 979 2911 divitiis
1002 2847 1175 2931 praeditus,
1192 2848 1288 2932 cujus

187 2949 356 3015 hortorum
371 2952 511 3035 vestigia
525 2948 632 3016 adhuc
655 2952 818 3015 ceruimus
839 2947 981 3015 Romae:
1004 2970 1143 3033 quorum
1158 2948 1288 3016 Plinius

188 3070 319 3136 quoque
346 3052 494 3117 meminit
519 3051 607 3115 libro
635 3050 809 3117 Naturalis
833 3052 978 3117 historiae
1004 3053 1155 3135 septimo,
1179 3053 1288 3136 capite

188 3150 440 3219 decimosexto.
483 3153 555 3218 Hic
567 3154 666 3217 etiarn
689 3153 744 3217 ille
767 3153 884 3217 alienae
907 3151 1050 3217 ltsxuriae
1072 3152 1288 3233 gravissimus

187 3255 376 3340 objurgator
389 3260 422 3320 et
436 3273 563 3333 censor,
578 3254 636 3339 qui
651 3254 820 3319 Metellum
840 3254 940 3318 Pium
962 3254 997 3316 in
1020 3252 1159 3317 historia
1178 3274 1287 3339 repre-

187 3355 307 3433 hendit,
322 3356 412 3441 quod
436 3363 556 3441 praeter
580 3356 665 3441 ejus,
681 3362 715 3419 et
739 3355 854 3439 populi
876 3352 1020 3418 Romani
1043 3346 1233 3437 dignitatem
1255 3361 1289 3421 et

187 3458 397 3537 modestiam,
413 3455 575 3524 conviviis
598 3461 631 3525 in
656 3458 835 3542 Hispania,
860 3458 1013 3541 omnique
1033 3457 1116 3520 luxu
1135 3464 1286 3527 uteretur.

187 3558 311 3627 Postea
336 3582 413 3627 vero
432 3564 505 3647 ipse
532 3562 754 3648 deprehensus
769 3561 804 3625 in
823 3560 996 3637 adulterio,
1011 3559 1054 3623 ab
1080 3556 1193 3624 Annio
1219 3558 1287 3626 Mi·

185 3662 274 3743 lone,
288 3669 321 3727 et
336 3662 415 3745 loris
442 3666 523 3727 bene
541 3682 663 3741 coesus,
676 3669 708 3726 et
730 3664 910 3746 postquam
931 3679 1051 3747 poenas
1066 3660 1223 3739 dedisset,
1238 3663 1288 3728 di-

186 3765 308 3830 missus
322 3774 382 3830 est.
426 3764 590 3830 Auctores
606 3764 712 3831 Varro
727 3770 761 3829 et
776 3764 980 3843 Macrobius,
996 3763 1106 3830 Aulus
1120 3765 1260 3832 Gellius.

635 3950 824 4016 Petrarcba.

231 4084 371 4169 Crispus
392 4044 581 4165 Sallustius,
601 4086 721 4151 nobilis
740 4087 918 4171 historicus
941 4086 1089 4153 veritatis
1108 4087 1177 4173 (sic
1197 4086 1286 4154 arim

188 4187 228 4251 de
243 4188 301 4252 illo
316 4188 404 4271 apud
426 4196 577 4252 auctores
600 4189 794 4265 verissimos
818 4188 982 4271 scriptum
994 4188 1107 4269 video)
1121 4209 1190 4273 quo
1203 4188 1285 4255 fide-

186 4288 253 4353 lius
265 4308 317 4354 res
331 4288 456 4355 Africae
477 4290 757 4374 complecteretur,
779 4291 883 4356 libros
910 4288 1057 4355 Punicos
1079 4292 1284 4376 perquisivit,
