3092 4884
153 1098 159 1105 .
294 975 666 1067 VETERUM
719 968 1220 1066 SCRIPTORUM
1292 964 1297 969 ’

740 1204 786 1253 nu·

383 1370 762 1441 NONNULLORUM
785 1365 1141 1435 RECENTIORUM

746 1570 795 1616 DE

578 1730 947 1827 SALLUSTIO

450 1944 648 2014 summu
674 1946 730 2011 ur
751 1940 1064 2012 assummum.

677 2174 855 2196 ΟΜΜΙΜΜ

577 2307 786 2373 Aueusuus
808 2304 958 2371 Casan.

521 2409 699 2475 Suetonius
714 2409 749 2473 in
762 2407 847 2476 ,Vita
860 2405 1017 2489 Augumi.

219 2505 367 2609 Tucca
398 2532 531 2599 dubitas
560 2533 737 2599 Cimberne
766 2532 900 2598 Annius
928 2552 972 2597 au
1002 2530 1142 2596 Verrius
1175 2529 1319 2595 Flaccus

221 2631 371 2696 imitandi
393 2633 461 2696 sint
483 2634 565 2698 tibit
587 2636 646 2711 ita,
669 2639 707 2697 ut
731 2632 855 2711 verbis,
878 2651 955 2716 quae
978 2628 1119 2712 Crispus
1138 2629 1320 2693 Sallustius

221 2734 389 2817 excerpsit
413 2752 457 2798 ex
480 2734 617 2801 Catonis
643 2734 836 2818 Originibus
857 2735 972 2811 utaris,
990 2750 1033 2796 an
1056 2732 1170 2816 petius
1192 2728 1321 2795 Asiati·

224 2850 337 2898 corum
365 2842 528 2900 oratorum
554 2836 706 2899 inanibus
725 2834 911 2912 sententiis,
933 2833 1107 2897 verborum
1127 2830 1321 2902 volubilitas

225 2936 260 2999 in
272 2942 418 3002 ucstmm
432 2956 612 3002 sermonem
629 2936 877 3002 transterendat

469 3123 620 3189 Velleius
635 3123 843 3189 Paterculus.
860 3120 953 3187 Hist.
967 3122 1027 3187 lib.
1044 3136 1086 3186 ιι.

268 3222 424 3290 AEmulus
438 3226 644 3310 'l'bucydidis
659 3225 850 3290 Sallustius.

269 3427 372 3493 Paene
399 3428 500 3494 stulta
523 3435 577 3495 est
597 3327 825 3501 innaemntEiim
848 3425 954 3491 oculis
976 3426 1182 3510 ingeniorum
1195 3446 1326 3491 enume-

226 3530 329 3595 ratio:
359 3532 441 3594 luter
473 3550 550 3614 quae
576 3532 722 3594 maxime
748 3529 854 3594 nostri
881 3529 946 3592 aevi
981 3529 1135 3607 eminent,
1171 3529 1326 3613 princeps

228 3632 410 3695 carminum
425 3630 597 3715 Virgilius,
614 3632 853 3715 Rabiriusque,
869 3636 902 3695 et
923 3636 1120 3695 consecutus
1131 3629 1328 3694 Sallustium

229 3731 359 3810 livius,
374 3732 595 3817 'libullusque
610 3741 642 3800 ct
657 3734 764 3812 Naso,
779 3731 1011 3818 perfectissimi
1024 3732 1059 3795 in
1081 3731 1189 3796 terma
1203 3733 1327 3814 operis,

3 3902 4 3921 χ
109 3840 113 3851 ’
227 3852 302 3897 riam
317 3834 470 3900 vivorum
483 3840 520 3899 ut
533 3853 655 3917 magna
669 3835 862 3915 admirati03
880 3834 930 3899 itu
940 3852 1080 3897 censura
1093 3832 1239 3897 difficilis
1254 3838 1312 3897 est

552 4020 729 4099 Horatius,
745 4020 848 4084 Serm.
865 4035 890 4083 ι.
904 4018 937 4084 2.
951 4018 1006 4084 48.

399 4152 646 4219 Libertinarum
659 4154 756 4219 dico:
778 4152 954 4218 Sallustius
966 4153 1001 4215 iu
1016 4170 1100 4234 quas

296 4292 297 4295 π
404 4254 483 4321 Non
497 4256 603 4321 miurus
617 4256 748 4335 insanit,
763 4274 864 4339 quam
885 4254 943 4339 qui
958 4253 1142 4320 moechatur
