3092 4884
503 429 994 485 runrorr‘nurusrruoruu.
1254 422 1301 490 m

563 651 728 738 Apuleius
741 656 920 741 Apologia.

192 848 195 856 -
231 794 355 890 Neque
370 781 456 871 C'slo
469 808 663 890 gravitatem
685 798 829 895 requirit,
852 830 959 895 neque
974 811 1103 877 Latius
1117 811 1297 894 levitatem,

184 926 296 993 neque
311 908 485 975 Gracchus
497 910 669 994 impetum,
684 932 745 976 nec
761 911 879 977 Caesar
893 914 1049 993 calorem,
1071 934 1133 979 nec
1150 915 1295 981 Horten·

185 1010 260 1075 sius
274 1010 548 1090 distributionem,
561 1030 622 1076 nec
638 1010 763 1078 Calvus
790 1016 947 1097 argutius,
971 1034 1034 1080 nec
1054 1016 1296 1102 parcimoniam

187 1111 382 1191 Sallustius,
396 1134 457 1178 nec
472 1116 672 1199 opulentiam
688 1114 823 1182 Cicero.

431 1316 550 1384 Festus
566 1309 730 1398 Avienus,
748 1322 783 1383 in
802 1340 862 1385 ors
877 1320 1058 1388 Maritima.
1152 1314 1155 1319 ’
1270 1364 1278 1377 -

276 1468 497 1552 Interrogasti,
513 1472 543 1535 si
556 1476 658 1550 tenes,
677 1470 832 1539 Maeotioi

192 1648 200 1657 ὰ
276 1570 366 1639 Situs
381 1572 456 1655 quis
471 1578 558 1637 esset
572 1574 733 1656 aequoris:
757 1573 952 1640 Sallustium

276 1672 402 1739 Noram
415 1674 449 1738 id
465 1674 607 1754 dedisse,
622 1674 713 1741 diota
727 1684 761 1741 et
774 1679 847 1761 ejus
861 1676 1011 1743 omnibus

275 1772 509 1861 Proejudicatae
523 1779 727 1842 auctoritatis
741 1778 855 1841 ducier

274 1876 354 1943 Non
366 1880 568 1959 abnuebam3
591 1879 634 1943 ud
655 1880 728 1965 ejus
740 1881 838 1963 igitur
853 1881 1010 1964 inclytum

277 1981 542 2065 Descriptionem
553 1985 633 2063 (qua
646 1980 793 2046 locorum
807 1980 984 2046 formulam

200 2126 204 2131 -
277 2082 536 2166 Imaginemque,
553 2100 731 2166 expressor
745 2080 867 2147 efficax
881 2083 960 2167 styli

276 2184 320 2249 Et
335 2186 492 2263 veritatis,
507 2204 604 2269 paene
618 2186 652 2248 in
666 2185 801 2249 obtutus
814 2184 906 2249 dedit
1030 2183 1034 2190 ’

275 2287 405 2377 Lepore
418 2284 559 2371 lingum)
573 2288 674 2352 multe
687 2306 793 2351 rerum
803 2286 991 2371 junximus.

408 2458 531 2524 Vibius
547 2458 724 2542 Sequoster
735 2459 794 2523 lib.
810 2458 853 2524 de
868 2457 1086 2525 Fluminibus.

233 2578 424 2656 Sallustius,
439 2583 554 2641 auctor
569 2578 783 2641 certissimus.

297 2749 426 2815 Marius
439 2749 633 2814 Victorinus
647 2750 683 2812 in
698 2747 821 2812 libmm
836 2746 910 2814 Cic.
925 2750 968 2832 de
982 2750 1185 2818 Inventione.

233 2884 390 2951 Historia
402 2890 436 2949 et
447 2884 567 2967 brevis.
583 2902 656 2947 esse
672 2882 768 2945 debet
791 2884 826 2946 in
851 2887 1071 2968 expositione,
1086 2893 1119 2952 ct
1133 2893 1245 2971 aperta
1259 2895 1292 2952 et

187 2988 381 3073 probabilis,
396 2992 431 3052 ut
445 2985 622 3051 Sallustius
638 2986 702 3051 sibi
718 2988 829 3050 omnia
842 2987 877 3051 in
892 2985 1038 3052 Catilius
1049 2990 1175 3054 tribuit.

465 3198 663 3291 Spartianus
681 3199 716 3261 in
731 3199 777 3263 D.
793 3198 978 3263 Hadriano.

232 3333 369 3399 Amavit
383 3332 607 3413 (Hadrianus)
622 3350 725 3417 genus
751 3331 883 3397 dicendi
905 3337 1083 3411 vetustum,
1107 3339 1292 3399 controver-

190 3437 260 3501 sias
276 3436 486 3513 declemavit,
510 3432 662 3499 Ciceroni
687 3433 859 3512 Catonem,
872 3435 1017 3518 Virgilio
1038 3434 1195 3514 Ennium,
1217 3434 1291 3501 Sal-

187 3540 323 3604 lustium
338 3536 445 3603 Caelio
461 3536 621 3621 praetulit:
643 3538 822 3622 eodemque
831 3537 1014 3623 jactatione
1027 3537 1069 3601 de
1084 3538 1234 3603 Homero
1250 3556 1291 3601 ac

189 3638 333 3707 Platone
345 3640 522 3724 judicavit.

524 3825 696 3912 Vopiscus
713 3828 747 3893 in
763 3828 974 3895 Aureliano:

196 3964 205 4071 J
234 3978 343 4045 Nemo
358 3980 568 4063 scriptorum,
581 3984 741 4063 quantum
754 3980 797 4044 ud
808 3980 979 4045 historiam
992 3980 1144 4064 pertinet,
1160 3998 1226 4042 uon
1239 3983 1292 4043 est

187 4080 313 4165 aliquid
336 4084 501 4159 mentitus,
527 4082 642 4166 inquo
664 4082 792 4161 Livius,
815 4082 849 4145 in
872 4102 939 4167 qno
958 4080 1149 4159 Sallustius,
1173 4081 1289 4165 inquo

189 4182 363 4249 Cornelius
376 4181 526 4263 Tacitus,
541 4183 575 4247 in
589 4203 655 4266 quo
679 4182 822 4268 denique
843 4182 988 4267 Trogus,
1006 4181 1188 4249 manifestis
1200 4202 1288 4249 erro-

188 4284 282 4353 ribus
297 4286 576 4353 convincerentur.
