3092 4884
655 410 704 461 ur
726 408 935 462 suanusrro
1059 470 1062 475 Ι

724 596 768 664 Et
783 613 821 662 x.
835 596 866 662 3.

287 734 375 800 Sane
388 732 582 799 manifestus
592 736 642 797 est
656 730 809 797 Sallustii
822 748 868 795 ex
881 730 958 813 ipso
971 746 1069 813 opere
1082 727 1184 793 labor.

596 897 725 963 Statius
740 895 902 979 Papinius
914 911 942 959 r.
955 894 988 957 4.

287 1033 356 1101 Sed
369 1038 444 1099 tuas
457 1035 544 1095 artes
557 1050 639 1113 puer
654 1034 728 1094 ante
742 1027 870 1093 discat:

289 1135 395 1201 Omne
411 1135 487 1217 quis
500 1130 614 1196 mundi
629 1130 758 1194 senium
772 1146 954 1209 remensus,

289 1236 379 1301 Orsa
394 1233 531 1301 Sallusti
545 1233 666 1311 brevis,
682 1238 716 1296 et
728 1230 863 1297 'limari

503 1333 633 1407 Reddis
648 1334 829 1401 alumnum.

507 1503 681 1571 Cornelius
694 1500 835 1566 Tacitus
851 1498 943 1565 nist
952 1498 1011 1565 lib.
1027 1514 1085 1578 ιιι,

291 1640 330 1705 C.
345 1637 535 1722 Sallustius,
548 1656 656 1705 rernm
671 1636 903 1701 Romanarum
915 1632 1168 1698 florentissimus
1180 1636 1306 1697 auctor.

532 1806 689 1871 Justinus
705 1802 798 1867 Hist
811 1802 871 1867 lib.
889 1818 1064 1868 xxxvrrr.

291 1941 474 2027 Pompeius
487 1940 620 2023 'trogus
634 1941 670 2003 in
685 1938 784 2003 Livio
798 1943 832 2001 et
845 1936 1007 2003 Sallustio
1020 1934 1238 2021 reprehendit,
1253 1934 1342 2019 qnod

248 2046 427 2113 conciones
441 2042 595 2119 directas,
618 2058 659 2104 ac
682 2040 849 2104 orationes
871 2038 964 2122 operi
982 2057 1044 2102 suo
1066 2036 1238 2103 inserendo
1259 2036 1344 2103 His·

247 2148 345 2212 toriae
357 2142 498 2209 modum
512 2142 727 2207 excesserint.

414 2354 416 2359 ·
547 2302 807 2389 tigellium-15,
828 2302 1050 2373 Nosalene.

294 2443 484 2522 Sallustius,
496 2443 637 2505 novator
650 2440 836 2505 verborum.

713 2590 758 2655 Et
773 2607 831 2657 111.
846 2591 879 2655 1.

292 2726 484 2805 Sallustius,
498 2725 553 2791 vel
566 2724 807 2791 subtilissimus
820 2723 991 2795 brevitatis
1005 2724 1137 2793 artifex.

706 2887 751 2953 Et
766 2905 818 2952 ιν.
830 2889 884 2953 15.

292 3028 465 3111 Elegantia
487 3026 645 3093 orationis
671 3023 834 3101 Sallustii,
858 3024 1098 3109 verborumque
1125 3024 1284 3092 secundia
1309 3034 1346 3092 et

247 3131 388 3197 novandi
402 3129 548 3195 studium
563 3148 640 3193 cum
654 3127 759 3191 multa
773 3144 908 3209 prorsus
933 3125 1060 3191 invidia
1073 3127 1150 3193 fuit:
1183 3128 1345 3213 multique

247 3250 315 3297 non
329 3231 488 3297 mediocri
502 3231 633 3313 ingenio
648 3229 710 3293 viri
727 3228 836 3293 conati
850 3232 927 3291 sunt
942 3228 1173 3311 reprehendere
1188 3231 1344 3313 pleraque

248 3336 283 3397 et
297 3332 501 3396 obtrectare:
522 3331 690 3414 inquibus
705 3328 802 3411 plura
820 3328 937 3392 inseite
952 3333 1009 3392 ant
1021 3330 1166 3411 maligne
1180 3332 1344 3407 vellicant,

248 3432 403 3497 nonnulla
416 3436 524 3496 temen
536 3431 641 3496 videri
656 3434 796 3513 possunt
807 3446 874 3491 non
887 3426 1020 3510 indigna
1033 3430 1291 3513 reprehensione.
1342 3458 1346 3463 ·

710 3614 755 3679 Et
770 3630 809 3678 x.
824 3615 878 3680 20.

292 3748 483 3826 Sallustius,
497 3748 709 3833 proprietatis
725 3749 759 3813 in
773 3751 884 3815 verbis
903 3749 1185 3830 retinentissimus,
1206 3770 1346 3819 consue

249 3850 353 3916 tudini
367 3851 539 3916 concessit.

613 4054 657 4119 Et
677 4056 737 4121 lib.
750 4054 864 4121 eodem
879 4076 910 4121 c.
924 4055 980 4122 oo.

294 4156 416 4253 Asinio
439 4186 584 4253 Pollioni
606 4189 643 4253 in
664 4188 810 4273 quadam
826 4188 979 4275 epistola,
993 4210 1094 4275 quarn
1114 4188 1160 4256 ud
1182 4188 1345 4257 Plancum
