3092 4884
572 468 612 517 ru
636 466 890 518 sannusutuu.
1217 450 1288 520 '3¹71

178 614 380 692 effeminatis,
394 617 442 690 ut,
461 631 538 697 quar
552 611 629 695 ipse
643 614 776 695 corpori
790 617 848 678 tuo
863 613 974 696 turpia
987 632 1052 678 non
1068 611 1236 694 duxisses,
1251 618 1286 681 in

178 716 255 782 aliis
269 714 500 800 experireris·
526 713 582 779 Ita
596 731 663 778 non
677 719 727 777 est
740 714 839 779 facile
859 720 1033 798 exputare,
1058 715 1099 780 P.
1115 714 1154 781 G.
1178 724 1286 782 utrum

177 819 457 885 inhonestioribus
472 807 621 901 eorporis
635 818 788 900 partibus
798 837 869 882 rem
880 819 1060 901 quaesierit,
1073 836 1115 883 au
1127 819 1284 885 amiserit.

179 920 330 986 Domum
357 923 528 1004 paternam
549 917 631 983 vivo
655 923 750 1002 patre
772 920 961 1003 turpissime
984 920 1136 985 venalem
1157 919 1283 1000 habuit,

179 1021 340 1087 vendidit.
384 1021 664 1089 Etenidubium
687 1027 905 1106 potestesse,
929 1023 1009 1106 quin
1033 1022 1119 1088 mori
1141 1022 1287 1105 coegerit

181 1144 272 1205 eum,
288 1142 356 1209 quo
368 1125 423 1189 hic
436 1123 582 1189 nondum
595 1128 728 1189 mortun
742 1144 805 1209 pro
827 1123 961 1189 lraerede
972 1125 1121 1207 ‘gesserit
1134 1124 1245 1189 omnia
1256 1127 1286 1189 lx

182 1228 307 1312 Neque
327 1227 432 1311 pudet
447 1246 469 1291 a
482 1246 630 1291 meeum
654 1247 811 1311 quaerere,
836 1228 913 1312 quis
936 1228 970 1291 in
993 1226 1034 1291 Ρ.
1049 1225 1164 1291 Crassi
1187 1227 1287 1291 domo

180 1330 330 1409 habitet;
366 1348 443 1393 cum
470 1329 543 1411 ipse
566 1329 764 1412 respondero
786 1346 855 1394 nnn
878 1334 990 1414 queat,
1017 1330 1092 1411 quis
1114 1328 1150 1391 in
1176 1328 1287 1413 ipsius

179 1432 306 1499 habitet
319 1436 458 1514 paterna
470 1428 581 1494 domo.
624 1428 858 1495 attinentes
869 1430 986 1514 lapsus
997 1430 1108 1494 aetatis
1123 1428 1286 1507 tirocinio,

181 1540 302 1619 postea
316 1532 390 1597 se'se
404 1534 558 1601 correxit
611 1532 691 1599 Non
704 1536 754 1599 ita
766 1540 835 1600 est:
860 1535 920 1599 sod
934 1533 1017 1598 abiit
1039 1532 1073 1597 in
1098 1531 1287 1596 sodalitium

181 1636 337 1718 sacrilegi
352 1634 546 1718 Nigidiani:
580 1638 634 1701 bis
654 1637 782 1720 judicis
806 1636 849 1702 ad
871 1635 1031 1701 subsellia
1043 1638 1214 1712 attractus,
1229 1651 1288 1697 ex·

183 1744 289 1803 trema
301 1738 432 1803 fortuna
445 1740 556 1804 stetit:
587 1744 622 1802 et
634 1739 685 1802 ita
697 1738 863 1817 discessit,
887 1738 937 1804 uti
961 1756 1027 1802 non
1050 1733 1105 1799 hio
1129 1735 1287 1799 innocens

181 1860 270 1918 esse,
285 1838 346 1905 sed
357 1839 491 1923 jndices
506 1840 685 1925 pejerasse,
698 1838 978 1903 existimarentur.
1023 1836 1173 1901 Primum
1186 1836 1289 1900 huno

182 1964 253 2010 rem
282 1944 318 2008 in
346 1949 519 2025 quaestura
549 1942 700 2025 adeptus,
728 1940 816 2005 hmrc
840 1942 951 2005 locum
975 1944 1009 2003 et
1031 1939 1118 2002 huno
1141 1935 1288 2001 ordinem

183 2046 361 2130 despexit:
392 2045 491 2129 cujus
514 2044 624 2109 aditus
645 2044 711 2107 sibi
736 2062 881 2127 quoque,
897 2040 1129 2107 sordidissimo
1152 2037 1287 2115 homini,

183 2148 361 2235 patuisset.
404 2147 522 2231 Itaque
536 2147 670 2223 timens,
683 2165 727 2209 ne
739 2145 890 2210 facinora
902 2146 974 2229 ejus
987 2144 1076 2207 elam
1088 2160 1153 2207 vos
1167 2145 1287 2216 essent,

184 2270 265 2315 cum
279 2250 434 2315 omnibus
446 2254 590 2313 matrum
603 2249 804 2314 familiarius
814 2246 895 2311 viris
907 2246 1087 2330 opprobrio
1099 2248 1199 2321 esset,
1210 2260 1289 2307 eorr-

183 2350 501 2429 remuneraveris
528 2350 752 2427 audientibus,
783 2346 1000 2427 adulterium
1030 2362 1138 2428 neque
1160 2342 1289 2407 erubuit

184 2474 249 2520 ura
263 2461 386 2519 vestra.
1039 2488 1043 2497 ·

229 2555 382 2634 vixeris,
397 2558 446 2620 nti
470 2557 563 2634 libet,
590 2554 751 2635 Sallusti3
785 2553 901 2637 egeris,
916 2568 994 2635 quae
1008 2546 1174 2627 volueris3
1205 2544 1290 2611 satis

185 2657 243 2737 sit,
257 2676 360 2722 unum
383 2664 417 2723 te
441 2664 571 2723 tuorum
595 2659 756 2723 scelernm
778 2655 948 2721 conscium
968 2670 1062 2732 esso;
1099 2647 1169 2713 noli
1193 2648 1290 2711 nobis

185 2762 390 2844 languorem,
414 2766 449 2825 et
473 2778 629 2844 soporem
648 2758 786 2823 nimium
810 2755 1024 2840 exprobrare·
1070 2750 1193 2815 Sumus
1216 2747 1291 2812 dili-

186 2872 300 2948 gentes
314 2865 348 2927 in
368 2864 494 2929 tuenda
507 2862 670 2946 pudicitia
687 2878 828 2925 uxorum
842 2848 1047 2921 nostrarum:
1081 2850 1139 2917 sed
1162 2852 1209 2914 ita
1230 2868 1291 2913 ex·

186 2968 327 3052 peruecti
341 2985 406 3030 nou
420 2984 546 3042 sumus,
558 2970 598 3027 ut
619 2983 641 3026 a
663 2968 696 3026 te
710 2978 828 3025 cavere
841 2956 1019 3041 possimus.
1062 2950 1219 3015 Audacia
1233 2956 1291 3013 tua

187 3068 295 3134 vincit
316 3065 428 3132 studia
449 3071 576 3129 nostra.
620 3060 760 3146 Eeqnod
786 3060 872 3124 hunc
895 3074 1026 3121 movere
1048 3052 1167 3138 possit,
1191 3050 1233 3115 P.
1250 3048 1289 3115 G.

187 3170 312 3235 tactum
336 3187 378 3232 ac
403 3167 528 3230 dictum
551 3172 658 3248 turpe,
686 3180 786 3246 quem
809 3178 873 3223 non
901 3158 1021 3241 puduit
1045 3156 1169 3239 palam,
1196 3152 1291 3216 uobis

189 3269 411 3346 audientibus,
437 3267 632 3331 adulterium
655 3262 828 3327 confiteri?
866 3256 1022 3338 Quodsi
1048 3254 1130 3319 nihil
1151 3272 1214 3337 pro
1237 3270 1291 3317 me
1413 3254 1419 3259 '

188 3373 250 3438 tibi
273 3371 471 3457 respondere
499 3366 699 3444 voluissem
732 3360 791 3425 sed
815 3358 896 3424 illud
925 3354 1293 3456 censorium-elogium·

189 3471 260 3557 Ap.
275 3471 419 3549 Claudii,
444 3476 478 3535 et
502 3470 542 3535 L.
557 3463 719 3543 Pisonis,b
741 3460 1023 3543 integerrimorum
1046 3457 1202 3533 virorum,
1224 3473 1291 3538 quo

187 3594 271 3641 usus
283 3581 336 3642 est
349 3577 489 3658 quisque
503 3588 629 3647 eorum,
642 3586 705 3652 pro
718 3567 791 3648 lege
801 3563 914 3647 palam
924 3560 1088 3625 universis
1099 3560 1292 3624 recitat-emt

688 3802 797 3858 Nom

224 3964 238 3993 ⁸
257 3958 407 4007 mam
416 3956 518 4018 geno-it
528 3952 618 4016 matr]
629 3952 723 4014 idest,
765 3948 800 3999 sis
811 3948 908 3997 Senatu
917 3950 1001 3993 motus
1011 3940 1204 3992 estSnllustius.

189 4031 723 4093 rdukrediton'ismitoataapsmds·
797 4022 809 4058 θ
832 4027 895 4087 App.
914 4021 1017 4082 caudit,
1035 4024 1059 4071 et
1077 4018 1107 4068 L.
1127 4013 1232 4078 Pisonis]
1258 4014 1295 4065 lli

192 4110 278 4173 m,
288 4110 396 4159 ussat.
765 4102 827 4161 dno,
844 4098 947 4149 AEmilio
959 4098 1042 4146 Panlo
1057 4100 1085 4145 et
1107 4091 1214 4144 Claudio
1226 4090 1296 4140 llar-

225 4184 413 4247 ¹Atliemtel
446 4185 535 4233 ironia
544 4190 594 4233 est.
766 4176 833 4227 tello
855 4174 1018 4237 Conantibus,
1041 4182 1175 4221 murorum
1191 4180 1296 4231 gravem

224 4268 238 4296 ⁸
253 4259 379 4324 mugitu]
410 4260 570 4310 'l'estitieatio
578 4258 725 4309 astoense-
764 4256 946 4305 mesonma

193 4352 252 4391 mm
262 4336 459 4403 'imperationis
469 4350 559 4397 aoso,
571 4348 632 4385 eam
643 4334 676 4384 ab
686 4333 725 4399 ip·
