3092 4884
641 442 854 495 sanausrn.
1254 425 1301 494 26

197 584 360 670 proiecto,
381 586 577 671 vigenteque
601 586 701 664 bello,
725 586 827 650 multa
852 592 1033 664 monuerat,
1059 606 1101 652 oa
1124 588 1166 653 de
1190 608 1236 668 re,
1262 588 1299 651 iu

200 686 362 771 Epistola,
377 706 453 770 quae
470 703 510 753 n.
534 687 651 752 Oratio
663 708 838 772 perperam
849 686 979 764 dicitur,
990 690 1049 751 ubi
1062 688 1103 753 de
1114 690 1163 756 M.
1178 690 1299 755 Bibulo

198 794 233 855 et
258 788 299 853 L.
330 788 491 866 Domitio,
522 791 616 873 quasi
644 790 833 853 viventibus
860 788 1017 871 loquitur,
1052 810 1128 855 cum
1158 792 1299 859 Bibulus

198 896 344 955 martarus
367 892 411 954 sit
439 898 513 955 aute
534 909 677 974 pugnam
704 890 941 968 Pharsalicam,
965 900 998 954 et
1022 892 1187 957 Domitius
1200 914 1244 957 ex
1258 912 1300 959 ea

197 990 325 1073 muium
340 991 538 1055 interiectus.
583 990 650 1055 Sed
664 993 698 1055 in
713 992 815 1055 altera
831 989 994 1073 Epistola,
1010 995 1045 1055 in
1059 1014 1126 1077 qua
1140 996 1184 1059 de
1198 995 1299 1073 bello,

198 1094 296 1176 quasi
325 1094 486 1168 coniecto,
516 1092 668 1176 loquitur,
697 1114 766 1157 rem
794 1094 930 1157 eaodem
958 1094 1076 1159 iterum
1104 1096 1299 1180 aggreditur.

201 1190 330 1275 Itaque,
354 1212 431 1277 quae
460 1194 550 1275 prior
575 1197 637 1271 est,
666 1212 741 1258 eam
764 1200 954 1277 opporteret
973 1214 1046 1259 esse
1070 1197 1297 1279 posteriorem,

199 1294 290 1377 quod
303 1294 402 1359 etiarn
414 1296 524 1379 ipsum
538 1295 620 1379 ejus,
635 1314 713 1379 quae
726 1296 888 1379 posterior
909 1301 971 1375 est,
992 1299 1194 1380 prooemium
1218 1302 1299 1365 satis

200 1394 351 1460 ostendit.

246 1494 430 1581 Antequam
452 1504 561 1562 antem
577 1497 694 1564 Caesar
714 1502 830 1562 contra
842 1497 1045 1583 Scipionem,
1066 1500 1221 1585 Pompeii
1245 1522 1299 1570 so-

199 1614 320 1673 cerum,
345 1601 380 1663 in
406 1596 557 1665 Africam
585 1601 657 1677 iret,
685 1618 770 1665 annu
796 1598 840 1665 U.
854 1598 894 1665 C.
924 1618 1073 1681 uoovrr,
1096 1623 1164 1686 quo
1183 1601 1300 1671 Caesar

199 1699 315 1763 iterum
327 1700 478 1765 Dictator
489 1701 562 1779 tirit,
577 1702 625 1769 Μ.
638 1700 802 1767 Antonius
813 1702 977 1785 Magister
988 1704 1156 1789 Equitum,
1169 1704 1300 1771 Praetur

199 1797 308 1865 urus
321 1812 374 1867 est
388 1803 583 1885 Sallustius3
608 1805 666 1889 qui
681 1805 786 1870 bonor
799 1804 929 1869 videtur
942 1824 1008 1868 uun
1021 1812 1089 1869 tam
1101 1807 1300 1873 monitorum

200 1898 243 1965 de
269 1902 460 1987 Republica
488 1904 677 1982 ordinanda,
707 1923 808 1989 qnam
837 1907 980 1988 turpium
1008 1905 1232 1971 adulationum
1254 1906 1299 1971 iis

201 1980 420 2069 admisamd
445 2007 619 2087 praemium
641 2006 752 2070 fuisse.
807 2001 852 2068 At
878 2004 1036 2069 Sallustio
1058 2008 1299 2089 propemodum

199 2105 310 2171 idolis
322 2106 402 2187 iuit3
424 2126 500 2171 cum
514 2108 599 2172 enim
612 2112 698 2173 esset
711 2108 747 2171 in
758 2105 968 2191 Campania,¹
980 2108 1072 2191 apud
1085 2105 1299 2173 Caesarianus

199 2206 331 2285 milites,
345 2228 425 2272 mox
436 2210 469 2272 in
484 2208 632 2274 Africam
642 2210 922 2287 transmittendos,
937 2214 1093 2293 mutaque
1104 2210 1147 2273 ab
1157 2211 1199 2273 iis
1210 2214 1301 2275 esset

198 2308 332 2387 audibo,
358 2329 459 2394 quam
480 2310 601 2377 trustra
622 2330 832 2395 composuere
854 2310 1004 2387 tentant,
1019 2312 1063 2375 ab
1077 2312 1119 2375 iis
1131 2308 1234 2373 terme
1247 2314 1300 2373 est

199 2410 400 2475 interiectus.
445 2409 636 2490 Quinetiam
660 2432 736 2477 eum
760 2410 906 2475 Rumam
922 2412 966 2475 ad
982 2410 1151 2483 Caesarem
1167 2418 1299 2477 conteu-

184 2510 301 2591 ,deret
330 2516 368 2577 ut
390 2512 455 2577 bau
483 2510 525 2575 de
555 2532 590 2575 re
613 2514 784 2577 certiorem
807 2512 942 2589 iaceret,
963 2513 1105 2577 insecuti
1118 2531 1194 2576 eurn
1208 2531 1300 2577 oum-

200 2612 309 2696 plures
330 2614 484 2690 militum,
506 2613 624 2679 obvius
644 2630 796 2697 quosque
809 2611 1021 2695 occiderunt;
1041 2614 1165 2698 ipsum,
1185 2612 1216 2677 si
1228 2613 1300 2679 adi·

201 2714 289 2796 pisci
303 2715 501 2797 potuissent,
520 2735 539 2779 e
554 2714 665 2781 medio
680 2715 856 2780 sublaturi.

241 2810 363 2881 cesar
376 2836 466 2895 vero,
490 2818 633 2902 placatis
658 2817 831 2896 militibus,
846 2817 908 2883 snb
920 2816 1070 2883 brumam
1082 2817 1118 2881 in
1136 2814 1299 2900 Africam,

199 2940 278 2987 oum
300 2926 392 3005 purte
414 2920 591 2997 exercitus,
618 2920 757 3005 trajecit,
781 2938 962 3003 seenmque
984 2919 1178 2984 Sallustium
1191 2918 1299 2996 duxit,

200 3042 310 3107 qnam,
338 3022 458 3107 paucis
488 3020 608 3085 diebus
637 3026 816 3105 postquam
840 3022 1035 3106 appulisset,
1059 3040 1137 3084 cum
1160 3020 1300 3104 penuria

199 3140 337 3189 amone
350 3126 564 3207 premeretur,
580 3122 624 3185 ad
639 3120 811 3187 Cercinam
824 3121 993 3199 iusulam,²
1007 3138 1108 3206 quam
1122 3120 1301 3187 adversarii

199 3224 365 3301 tenebam,
389 3242 466 3289 cum
490 3229 585 3308 parte
607 3223 751 3313 narium,
778 3222 826 3285 ire
844 3221 957 3306 jussit,
979 3221 1071 3305 quod
1086 3222 1300 3302 ibimagnum

197 3343 369 3395 umorum
386 3324 539 3391 Sumenti
562 3342 636 3387 esse
658 3322 822 3386 audiebat.
876 3320 962 3402 Ejus
990 3321 1146 3386 adrentu³
1174 3317 1214 3384 C.
1231 3318 1301 3385 De·

200 3425 321 3489 cimius
345 3423 581 3503 'Qumstoriua
624 3424 683 3507 qui
719 3422 766 3488 ibi
801 3442 879 3487 oum
913 3422 1028 3505 grandi
1056 3421 1191 3487 familia
1227 3440 1299 3486 suae

201 3524 360 3609 prmidio
389 3532 530 3610 praeerat
556 3522 764 3602 cummeabri,
790 3524 963 3609 paruulum
989 3524 1155 3606 navigium
1181 3527 1300 3587 nactum

199 3626 402 3712 messuit,
425 3646 467 3691 ac
490 3646 528 3691 se
551 3626 640 3709 fugae
662 3625 915 3691 commendavit.
971 3625 1150 3696 Sallustius
1170 3624 1300 3690 interim

200 3746 223 3793 a
247 3728 477 3795 Cerciuatibus
501 3733 667 3812 receptus,
688 3746 810 3809 magno
832 3746 967 3793 numero
988 3727 1140 3792 frumenti
1155 3728 1300 3803 invento,

200 3849 304 3899 nares
340 3831 517 3907 onerarias,
561 3848 700 3912 quarum
735 3828 784 3893 ibi
821 3828 904 3894 satis
937 3848 1058 3910 magna
1091 3827 1194 3911 copia
1226 3827 1300 3905 tuit,

201 3930 392 4015 complevit,
415 3937 514 4015 atque
533 3931 568 3995 in
587 3936 697 3997 eastra
715 3929 759 3995 ad
773 3929 942 3995 Gaesarem
958 3932 1060 3994 misit
1104 3928 1198 4007 Quid
1212 3926 1301 3993 aliud

199 4036 235 4101 in
253 4052 294 4099 eo
315 4032 403 4097 bello
427 4032 564 4117 gesserit
588 4032 778 4109 Sallustius,
802 4050 900 4097 nemo
922 4031 1077 4115 prodidit,
1099 4030 1159 4097 sed
1171 4029 1300 4139 fidelem

202 4252 214 4297 t
225 4244 495 4299 annumeremur.
559 4248 576 4295 2
589 4244 691 4297 liirtlur
702 4242 736 4295 de
749 4237 916 4296 BelloAirio.
926 4256 986 4310 cup.
995 4244 1021 4295 8.
1085 4238 1180 4293 albin.
1190 4254 1248 4308 cap.
1257 4244 1301 4296 st.
