3092 4884
471 406 520 455 Μ
543 404 628 455 m.
651 406 881 457 otorantina
904 409 960 459 BP.
984 410 1027 461 11.
1227 372 1295 463 ωδ

201 542 258 613 h
267 546 435 633 coeundi
447 548 615 632 ‹bgnimte
636 548 789 635 ροοιιιιία,
807 550 927 615 virtute
949 550 1072 615 anteire
1085 542 1177 617 'alim
1190 548 1292 621 olium

201 651 402 733 properabit.
440 650 516 715 Nec
527 670 590 734 ego
603 668 725 733 magna
736 650 883 715 remedia
897 656 1013 716 contra
1025 649 1160 716 divitias
1174 660 1294 721 etatum.

202 746 292 815 Nam
306 750 439 833 perinde
451 770 565 816 omnes
578 770 632 816 reo
643 752 831 830 laudantur,
848 759 946 836 atque
959 758 1169 837 appetuntur,
1183 758 1221 819 nt
1238 774 1295 823 ea-

201 867 275 915 rnm
295 870 402 915 rernm
425 870 507 917 naua
527 857 592 917 eet:
614 852 742 918 malitia
764 854 912 938 praemiis
935 860 1116 919 exercetur.
1161 854 1230 921 Ubi
1253 874 1296 922 en

200 948 369 1029 demseris,
382 970 480 1017 nemo
493 953 638 1018 omnium
651 954 792 1036 grutuito
803 954 910 1017 malus
933 960 1005 1019 eet!
1047 952 1201 1019 Ceterum
1214 976 1294 1023 ava-

200 1051 288 1129 ritia,
309 1053 421 1119 bellua
442 1053 524 1132 lero,
548 1054 712 1131 immania,
735 1052 940 1119 intoleranda
964 1060 1030 1121 est:
1053 1074 1121 1139 quo
1145 1054 1297 1136 intendit,

201 1152 338 1238 oppida,
353 1174 460 1237 agros,
473 1155 553 1219 tuna
566 1158 664 1238 atque
679 1152 807 1231 domos,
820 1158 944 1219 vaetat:
967 1154 1079 1221 diviua
1093 1174 1169 1221 cum
1180 1156 1296 1221 buma-

199 1254 259 1320 nir
272 1256 464 1340 permiscet:
486 1274 593 1339 aequm
616 1254 794 1333 exercitus,
808 1272 915 1338 neque
928 1257 1052 1322 moenia
1069 1258 1210 1338 obstant,
1226 1277 1294 1342 qno

199 1356 310 1423 minna
325 1357 359 1421 ri
373 1375 439 1421 oua
450 1352 613 1441 penetret3
628 1355 730 1433 soma,
744 1354 916 1439 pudicitia,
929 1355 1051 1437 liberis,
1065 1359 1182 1441 putria,
1198 1366 1297 1443 utque

201 1459 393 1543 putentibus
419 1463 557 1523 cunctor
576 1458 732 1522 mortales
758 1456 893 1539 spoliat.
935 1454 1082 1533 Verum,
1099 1460 1293 1543 ripecnnian

192 1558 308 1625 decue¹
316 1558 486 1635 odemerie,
497 1578 616 1642 magna
629 1559 689 1623 illa
701 1557 755 1622 ris
768 1558 920 1625 avaritiae
934 1558 1031 1624 socile
1043 1559 1140 1624 bonis
1150 1558 1308 1625 moribus.

199 1662 361 1727 rincetnr.
405 1659 517 1759 Atque
536 1660 610 1726 boec
625 1662 673 1725 ita
690 1680 764 1725 sese
785 1660 918 1738 habere,
933 1663 1064 1727 mmetsi
1078 1682 1192 1730 omnes
1207 1668 1297 1753 aequi

200 1766 300 1845 atque
312 1762 418 1845 iniqui
441 1767 636 1825 memorent:
650 1766 766 1825 'tamen
780 1760 843 1824 tibi
865 1779 940 1825 cum
958 1761 1101 1827 sectione
1114 1766 1295 1834 nobilitatis

199 1861 291 1929 band
313 1861 519 1928 mediocriter
541 1858 730 1925 certandum
749 1864 816 1940 cet3
837 1860 935 1943 cnjus
961 1862 992 1924 si
1017 1862 1128 1929 dolum
1155 1868 1295 1946 caveris,

200 1964 270 2030 alia
282 1965 392 2028 omnia
404 1964 439 2027 in
449 1962 591 2047 proclivi
604 1958 731 2027 munt!
769 1960 861 2027 Nam
874 1960 919 2038 bi,
934 1962 963 2025 oi
978 1962 1098 2027 virtute
1111 1965 1192 2029 entis
1206 1967 1295 2033 valc-

200 2071 285 2143 rent,
295 2066 401 2148 magio
415 2063 528 2131 amuli
541 2065 713 2140 bonorum,
724 2082 826 2147 quum
838 2061 954 2139 invidi,
966 2070 1088 2129 creent.
1133 2064 1224 2144 Quia
1237 2066 1295 2133 de-

201 2164 300 2244 sidia,
314 2172 348 2231 et
360 2166 490 2248 inertia,
503 2170 538 2229 et
557 2170 675 2246 atnpor
687 2180 757 2241 eos,
772 2169 873 2247 atque
888 2162 1037 2246 torpedo,
1052 2162 1192 2247 invasio
1214 2173 1296 2232 stre-

200 2273 296 2355 punt,
309 2268 504 2345 obtrectant,
514 2264 656 2329 alienam
669 2262 792 2329 lamam
805 2264 925 2329 bonam
940 2282 1034 2329 sunm
1049 2262 1192 2331 dedecus
1206 2271 1295 2339 aesti·

202 2374 304 2434 mant.

196 2468 312 2534 Sed
314 2467 419 2553 ,quid
431 2486 493 2553 ego
506 2466 615 2551 plura,
631 2468 728 2551 quasi
740 2470 783 2535 do
804 2466 922 2551 ignotis
944 2468 1141 2531 memorent
1165 2464 1215 2530 Μ.
1238 2468 1297 2532 Βί-

196 2518 280 2635 buli
286 2566 473 2648 fortitudo*
484 2576 584 2653 atquc
599 2570 702 2634 animi
715 2571 780 2648 vis,
795 2568 1049 2634 inconsolatum
1062 2568 1183 2651 erupit·
1198 2568 1297 2633 hebes

198 2671 325 2753 lingua,
339 2671 445 2753 magia
456 2670 575 2750 mulne,
596 2690 697 2753 quam
717 2668 890 2736 callidus
879 2668 1018 2751 ingenio.
1062 2666 1153 2746 Quid
1167 2668 1223 2733 ille
1238 2688 1298 2739 au·

205 2772 292 2849 deut,
305 2790 361 2835 cur
350 2770 576 2848 consulatue,
589 2771 773 2837 maximum
786 2768 970 2853 imperium,
983 2768 1131 2834 maximo
1146 2754 1298 2839 dedecori

200 2872 285 2938 tritt
311 2870 365 2935 Au
380 2872 420 2936 L.
436 2868 584 2952 Domitii*
594 2891 716 2957 magna
727 2872 780 2937 vie
794 2877 857 2950 est,
871 2870 965 2955 cujus
978 2870 1101 2933 nullum
1114 2871 1307 2937 membrum.

201 2991 225 3038 a
237 2970 364 3055 flagitio
388 2977 446 3036 eut
466 2971 610 3037 facinore
623 2974 741 3037 vocati
763 2972 874 3055 lingue
886 2990 985 3049 vano,
1007 2988 1123 3055 manus
1141 2976 1307 3051 cruentae,¹

202 3072 308 3159 pedes
319 3071 472 3155 fugacem
494 3090 571 3155 quae
587 3072 721 3136 honesto
734 3072 894 3136 nominari
915 3078 1087 3154 nequeant,
1101 3068 1298 3139 imonesds·

203 3175 300 3239 mma.
323 3172 431 3237 Unina
445 3178 556 3235 tamen
571 3170 621 3236 Μ.
637 3171 774 3237 Catonis
789 3171 953 3253 ingenium
967 3174 1147 3247 versutum,
1160 3172 1308 3255 loquax,¹

202 3277 360 3343 callidum
372 3272 460 3340 band
474 3280 655 3339 contemno.
698 3258 864 3337 Petuntur
877 3271 951 3338 baec
968 3269 1148 3357 disciplina
1161 3270 1298 3339 Graeco·

202 3374 294 3445 rom.j
325 3376 393 3441 Sed
407 3376 520 3454 rinna,
534 3374 718 3456 νίςίίαιιίία,
732 3374 839 3452 iubos,
854 3370 945 3463 opud
958 3369 1101 3437 Graecoc
1112 3372 1203 3436 nnlla
1212 3378 1297 3437 sunt.
1317 3426 1323 3443 ,

204 3477 353 3563 Quippe,
369 3494 446 3542 cum
460 3474 550 3540 domi
562 3475 745 3540 libertatem
765 3492 862 3539 suam
882 3492 940 3561 per
953 3473 1101 3539 inertiam
1116 3474 1311 3555 amiserint,

233 3684 722 3749 camma-ammitte.
820 3702 823 3713 ·

231 3750 597 3811 IAlirmieemtsueiit'r.·

694 3890 801 3944 ΝΟΜ

202 3987 270 4076 opor
279 4016 321 4061 ert
330 4024 385 4073 eor,
395 4009 438 4075 qui
449 4020 481 4059 ea
491 4022 525 4059 er
535 4005 653 4073 proferro
664 4010 731 4057 trae·
771 4004 868 4057 conoul
879 3970 940 4055 rute
951 4002 1050 4068 aliquot
1064 4014 1144 4051 aanor
1154 3964 1253 4053 iuerat.¹

203 4093 336 4137 tamt.
802 4079 811 4123 l
829 4077 976 4142 Grumum]
1001 4079 1080 4128 Certe
1091 4088 1142 4127 non
1151 4076 1189 4129 lle
1199 4077 1231 4128 de
1242 4076 1297 4131 sal·

232 4160 400 4223 *fuam
431 4159 581 4209 lreuleerc
770 4150 1143 4210 lortiomcrltrerrttlraeria

232 4236 375 4304 ίῦωίίίι]
405 4232 730 4298 ΒιώιῐΜιίοωίιΜιιί
