3092 4884
535 405 753 470 succarrrs,
776 405 858 456 car.
880 391 936 458 42.
1223 391 1289 462 187

190 548 359 629 alterum,⁶
381 549 520 616 alterum
539 547 772 616 Triumvirnm¹
797 551 954 615 coloniism
974 549 1188 629 deducendis,
1211 571 1287 618 cum

192 652 243 717 Μ.
265 651 385 718 Fulvio
414 651 539 716 Flacco
552 651 650 716 terro
674 660 894 718 necaverant!
935 652 979 718 Et
1006 669 1087 718 sane
1113 653 1287 732 Gracchis,

191 754 345 838 cupidine
358 755 527 832 rictoriae,
536 754 624 818 haud
637 755 719 818 satie
731 755 934 820 moderatus¹¹
948 755 1077 820 animus
1089 753 1162 820 fuit.
1207 754 1289 820 Sed⁰

189 847 380 934 bonosiaci
400 858 517 945 satius⁷
542 864 603 935 eet,
626 877 725 940 quam
750 859 839 921 malo
862 877 952 922 more
976 857 1130 941 injuriam
1147 858 1287 925 vincere.

190 957 364 1040 igiturest
390 958 528 1025 victoria
558 958 718 1032 nobilitas¹
739 977 783 1024 ex
813 959 958 1023 lubidine
984 977 1046 1022 sua
1068 977 1140 1037 usa,
1168 958 1288 1024 multos

188 1061 346 1126 mortales
361 1061 458 1140 ferro,
483 1065 542 1126 aut
554 1060 633 1143 suga
646 1061 791 1126 extinxit
802 1069 823 1141 ς’
843 1062 985 1144 plusque
999 1059 1034 1123 in
1048 1061 1208 1142 reliquum
1222 1060 1289 1132 sibi

189 1163 326 1240 timoris,
356 1183 459 1247 quam
487 1164 674 1247 potentiae,¹‘
700 1148 838 1228 addidit.
901 1161 989 1240 Quae
1018 1181 1071 1226 res
1096 1159 1289 1245 pleramque

189 1282 328 1347 magnas
342 1267 493 1332 civitates
513 1284 650 1348 muni
664 1265 774 1331 dedit:
798 1266 877 1330 dnm
904 1265 997 1332 alteri
1022 1265 1143 1328 alteros
1157 1265 1289 1328 vincera

190 1368 309 1448 quovis
334 1367 451 1449 modo;
480 1373 513 1432 et
537 1370 643 1433 victos
671 1369 825 1440 acerbius
847 1368 965 1434 ulcisci
988 1365 1112 1431 volunt.
1156 1363 1289 1432 Sed.'dd

190 1469 308 1533 studiis
330 1470 523 1553 partiumet
535 1471 701 1536 omuibus⁸
724 1471 871 1538 civitatis
884 1470 1032 1534 moribus
1045 1467 1074 1532 si
1087 1465 1287 1548 singulatim,

189 1574 248 1635 aut
271 1590 334 1655 pro
354 1572 577 1652 magnitudine
599 1581 727 1657 parem⁹
743 1573 916 1649 disserere,
939 1576 1082 1654 tempus,
1106 1586 1209 1652 quam
1222 1585 1287 1645 res,

221 1777 233 1801 '
248 1770 285 1818 Et
300 1770 412 1820 utilitas
425 1775 548 1820 semem
560 1769 630 1829 serra
642 1770 720 1833 prim
740 1769 861 1819 liberiora
874 1767 1016 1829 Graeclam,
1033 1765 1116 1814 driade
1134 1767 1187 1825 port
1203 1775 1290 1825 poam

188 1848 261 1882 orm
275 1836 355 1882 eodem
372 1834 503 1883 molientem
515 1835 600 1882 Cuiam
611 1835 753 1893 Graeciam,
774 1832 904 1882 Missam
920 1831 1004 1894 pletis,
1022 1843 1094 1878 uam
1104 1841 1134 1874 ea
1147 1827 1288 1876 trimetria

188 1897 229 1960 qai
238 1899 339 1947 colonias
348 1899 460 1948 dmm
469 1897 591 1959 Mani,
600 1911 655 1946 cast
666 1897 803 1947 difflato
815 1897 906 1946 flam.
1284 1901 1290 1911 “

192 2019 197 2029 ⁸
221 1970 231 1994 ⁵
248 1964 309 2010 Cara
326 1962 403 2022 igitar
418 1962 529 2010 molitas
544 1976 585 2010 aso
596 1965 655 2010 esset
669 1976 699 2010 eo
710 1961 810 2012 omorio
819 1961 945 2010 uaedam
954 1971 1020 2006 uara
1037 1954 1167 2019 libidinem,
1183 1951 1288 2018 perdidit

188 2026 274 2075 sraitor
282 2025 457 2086 maeoseu-o
467 2031 510 2075 out
512 2024 586 2088 fago.
682 2039 686 2048 ·

649 2151 796 2173 0000000000
798 2151 827 2172 Ν

188 2272 203 2317 t
221 2265 349 2318 Μυκη
357 2265 433 2330 piebis
444 2266 479 2316 G.
489 2266 575 2316 lle-d
590 2267 692 2316 aima
702 2265 767 2314 Mes.
781 2263 885 2329 quidam
896 2263 1042 2312 delente-l
1065 2257 1167 2308 nostias
1176 2261 1211 2306 est
1222 2255 1288 2306 Β.-

188 2336 204 2381 8
220 2331 295 2381 osseis
305 2333 383 2381 Μ)
398 2345 483 2394 mss
493 2330 593 2380 Α.-10
601 2330 711 2444 (Σιωπή
722 2329 794 2378 Edit.
805 2326 933 2390 llorere]
950 2328 1066 2377 moret
1075 2324 1112 2374 Η.
1129 2337 1166 2372 rso
1173 2323 1289 2372 desereret

189 2397 312 2447 B.D.N.
330 2395 591 2446 temdum.
628 2393 761 2445 .1.1t.1..

686 2537 793 2590 Nom

188 2657 306 2714 conatus,
327 2649 416 2701 fratris
432 2651 546 2714 agrarias
561 2649 631 2716 leges
648 2663 717 2700 asse·
758 2648 852 2714 cipitur
859 2665 867 2710 ;
891 2645 996 2712 deinde,
1017 2647 1076 2713 quia
1095 2647 1122 2697 ln
1144 2651 1216 2696 motu
1237 2649 1289 2706 eet,

188 2729 252 2791 ruit,
268 2733 318 2778 dre.
757 2730 887 2786 moretur,
906 2739 956 2774 non
968 2723 1029 2788 qnia
1046 2725 1141 2772 bonurn
1156 2722 1289 2786 prosequi·

220 2803 228 2836 ¹
245 2802 418 2865 mrsu]
434 2803 493 2853 lios
504 2808 561 2853 erat
571 2807 634 2865 tres,
646 2804 720 2868 quin·
759 2808 810 2850 tur.
842 2798 918 2851 istud
939 2799 1039 2850 indicat
1055 2798 1200 2860 Sallustius,
1219 2810 1289 2857 curn,

188 2895 248 2946 que,
259 2888 368 2944 septem,
384 2879 474 2929 decem
486 2880 563 2943 siros,
573 2883 624 2930 oro.
640 2880 719 2944 elige-
758 2876 881 2940 cupidine
901 2874 1029 2935 victoria,
1046 2873 1137 2922 nimios
1154 2870 1289 2923 Gracchos

189 2971 229 3018 re,
238 2959 280 3022 qni
290 2957 321 3006 iis
332 2971 407 3020 agros
416 2953 573 3018 dividerent,
585 2953 665 3020 quiin
676 2969 719 3004 co·
757 2951 838 3002 inisse
849 2951 923 3001 dicit.
957 2950 1023 3000 llaec
1036 2949 1141 3013 cupido,
1151 2947 1192 2998 nte
1209 2945 1288 2996 animi

187 3033 270 3083 ionias
282 3032 487 3082 deducebantur.
757 3037 841 3080 motus
854 3029 986 3089 radonem,
1004 3039 1055 3091 qna
1071 3025 1130 3075 boni
1149 3025 1219 3075 cives
1234 3021 1290 3073 fue·

220 3117 238 3142 ¹²
256 3109 373 3171 Coloaiia]
390 3109 497 3158 Colonia
508 3107 645 3157 multitudo
661 3114 719 3158 erat
758 3111 818 3154 rant
835 3111 862 3154 et
872 3103 1037 3164 dicebantur,
1056 3103 1195 3151 obcursum
1206 3099 1288 3149 oculis

187 3187 284 3238 cirinus
295 3184 720 3249 Romanorum,qoiinaliassedes
758 3180 861 3232 avertit.
1096 3227 1098 3234 Α
1282 3220 1289 3234 ,

188 3261 391 3322 deducebantur,
401 3259 544 3325 quibusque
552 3260 607 3323 agri
616 3259 719 3324 publice
791 3263 803 3287 ⁰
819 3255 878 3318 Sed]
894 3254 971 3305 Nunc
991 3252 1023 3301 de
1041 3251 1139 3301 Senatu
1154 3249 1289 3300 Sallustius

188 3338 392 3402 aaslgoabantur.
754 3329 879 3396 judicium
898 3343 972 3378 snum
993 3325 1104 3393 profert,
1122 3327 1174 3388 cni,
1194 3332 1224 3377 ut
1245 3325 1289 3376 ille

221 3421 234 3448 ¹²
250 3413 400 3477 Moderatus]
411 3415 489 3475 Nota,
500 3410 719 3478 quaeao,Sallnstii
759 3407 806 3474 ait,
817 3405 909 3455 melius
921 3403 1013 3453 fnisset
1029 3404 1205 3454 Gracchorum
1222 3400 1288 3451 bono

187 3490 333 3555 judicium:
361 3490 459 3553 optime
481 3490 515 3539 de
545 3504 574 3539 re
600 3488 720 3554 maxima,
758 3490 787 3533 et
797 3483 920 3548 aequitate
939 3480 1016 3542 vinci,
1026 3493 1102 3545 quarn
1112 3479 1215 3528 sineere
1226 3477 1291 3542 lnju·

190 3568 252 3632 quio
266 3565 300 3616 de
316 3580 353 3628 re,
370 3580 428 3630 quie
446 3565 563 3630 qnotidie
581 3564 673 3614 millies
691 3564 719 3613 in
759 3561 833 3610 narn.
866 3557 978 3608 Atvero
996 3556 1140 3621 generatim
1152 3554 1291 3620 loquendo,

188 3640 328 3703 usuvenit,
346 3642 501 3690 seutentiam
517 3641 592 3691 dixit.
626 3641 665 3690 Fa
677 3647 720 3690 ert
758 3649 810 3686 non
825 3641 915 3699 aperta
934 3631 1088 3684 sententiam
1108 3645 1179 3680 suam
1200 3629 1291 3694 dicore

188 3715 258 3767 eninr
269 3715 354 3766 cordis
369 3717 449 3766 nostri
460 3715 574 3777 fallacia,
583 3724 629 3766 aut
639 3715 720 3766 imbe-
760 3709 863 3762 Auctor
876 3709 969 3770 voluit,
981 3721 1022 3771 ne,
1039 3707 1061 3756 si
1071 3707 1164 3756 Patres
1176 3706 1289 3755 uomina·

190 3793 296 3857 oillitas,
307 3800 335 3843 ut
344 3795 423 3844 etiam
435 3794 495 3843 dum
506 3795 629 3844 virtutem
639 3802 721 3845 recta.
759 3788 806 3836 tim
819 3783 1035 3850 reprehendisset,
1048 3783 1183 3833 audaciter
1194 3781 1289 3834 fecisse

189 3885 257 3933 sons,
273 3869 351 3919 nimio
362 3869 449 3920 studio
464 3870 489 3918 in
501 3870 590 3920 sitium
606 3872 720 3920 incurro
759 3863 900 3913 videretur·

188 3940 257 3998 usus.
303 3947 440 4008 Voluntas,
465 3963 524 4012 quae
544 3962 559 3997 a
582 3949 664 4012 primo
685 3947 719 3997 ad
792 3939 951 4002 waratto]
967 3938 1289 3988 Totumbunclocurnex-

189 4023 295 4086 Manui,
324 4023 383 4074 boni
411 4038 497 4087 specre
522 4022 665 4086 serebatur,
685 4025 718 4073 ad
760 4025 832 4082 cute,
861 4029 956 4081 quaeso.
996 4013 1094 4064 Auctor
1113 4013 1192 4074 aniln,
1212 4027 1291 4077 quau·

190 4101 350 4150 malemaine
360 4115 436 4150 sensu
447 4101 565 4164 inclinat,
584 4101 645 4151 duna
657 4116 719 4166 pau.
758 4110 836 4162 quanr
847 4093 928 4142 malus
938 4088 999 4153 init,
1016 4088 1235 4158 reconditissima
1251 4094 1290 4138 ta·

189 4175 263 4225 latirn
273 4189 305 4224 ea
316 4176 376 4226 boni
392 4174 503 4241 speeies,
520 4191 568 4240 pro
578 4177 656 4226 variis
671 4175 720 4227 cir·
758 4187 818 4226 men
826 4169 995 4222 Politlcorum
1005 4163 1090 4216 aditos
1099 4164 1259 4232 penetravit·

191 4251 360 4315 mantua
378 4249 552 4316 caligantibus
569 4251 651 4302 oculis
665 4265 719 4302 snr-
