3092 4884
270 415 336 484 276
621 439 652 486 c.
676 439 797 487 crusrr
822 440 1017 489 snunosrrr

268 583 358 648 votis
367 581 518 667 paranda
527 581 675 647 auxilia:
690 583 755 646 nisi
764 581 845 646 sorte
855 572 1008 668 speratis,
1018 603 1077 670 per
1087 584 1221 650 taedium
1228 586 1299 670 jem
1309 593 1370 656 aut

267 686 427 770 pudorem
441 683 635 772 tyrannidis,
651 704 723 748 esse
738 705 814 751 eum
829 690 889 769 p‘er
903 687 1012 751 scelus
1027 695 1191 772 occupate
1205 689 1369 772 periculo·

269 789 587 854 sius¹dimissnrnm
603 781 650 850 At
659 785 763 850 itleeo
774 789 945 869 processit,
955 789 1004 852 uti
1014 787 1094 853 nihil
1104 790 1294 871 gloriosum,
1302 791 1369 856 nisi

267 898 384 968 urium,
399 897 432 956 et
445 889 558 955 omnia
578 887 771 954 retinendae'
785 887 1018 953 dominationis
1039 889 1175 954 honeste
1188 891 1369 958 existimet.

267 993 388 1078 ltaque
411 993 471 1059 ills
490 993 585 1077 quies
606 996 639 1055 et
660 991 763 1054 otium
788 1008 864 1055 cum
886 989 1045 1069 libertate,
1061 1011 1136 1074 quae
1155 992 1250 1056 multi
1272 997 1369 1076 probi

221 1151 226 1160 .
267 1097 393 1179 potius,
416 1113 517 1178 quam
541 1093 688 1157 laborem
712 1111 788 1156 cum
807 1093 999 1170 honoribus,
1024 1095 1254 1176 capessebant,
1277 1097 1369 1162 nulla

267 1201 353 1260 sumt.
397 1195 477 1260 Hoc
492 1197 686 1277 tempestate
708 1191 928 1269 serviendum,
945 1197 1003 1257 ant
1017 1195 1288 1278 imperitandum:
1310 1197 1369 1260 lra-

266 1297 396 1362 bendus
417 1301 535 1375 metus,
558 1303 616 1360 ent
633 1295 817 1370 iaciendos,
841 1292 998 1373 Quirites.
1042 1293 1132 1360 Nam
1157 1297 1236 1380 quid
1259 1299 1369 1363 ultr-nl

267 1393 1199 1482 quaevehnmanasnpcraut,antdivinnimpollutasuntl
1222 1401 1370 1484 populus

267 1501 454 1577 Romanus,
469 1501 571 1583 paulo
594 1504 667 1563 ante
687 1500 829 1582 gentium
852 1499 1051 1578 moderator,
1074 1507 1195 1566 exutus
1217 1502 1368 1585 imperio,

266 1603 383 1686 gloria,
394 1603 479 1687 jure,
495 1601 643 1684 agitandi
663 1601 773 1683 inops,
791 1599 1046 1685 despectusque,
1066 1622 1107 1666 ne
1130 1605 1283 1669 servilie'
1296 1607 1369 1688 qui-

267 1701 343 1769 dem
357 1705 515 1769 alimenta
529 1702 657 1786 reliquo
669 1703 778 1767 hebet.
823 1699 998 1767 Sociorum
1018 1709 1052 1769 et
1072 1703 1159 1769 Latii
1174 1725 1290 1788 magna
1305 1699 1368 1784 vis',

267 1807 414 1885 ciuitate,
427 1824 489 1890 pro
501 1804 616 1870 multis
624 1809 657 1868 et
669 1801 812 1886 egregiis
825 1801 935 1882 fectis,
948 1823 969 1868 e
980 1805 1076 1869 vobis
1090 1805 1180 1884 dats,
1192 1823 1252 1889 per
1265 1825 1368 1870 unum

265 1908 497 1992 prohibentur:
528 1913 563 1972 et
584 1908 693 1991 plebis
718 1907 865 1971 innoxiae
889 1906 1014 1991 patrias
1042 1905 1138 1971 sedes
1162 1917 1369 1992 occupavero

266 2012 368 2094 pauci
382 2011 551 2088 satellites,
565 2008 751 2074 mercedem
773 2008 944 2074 scelernm.
990 2007 1107 2092 Leges,
1124 2009 1262 2094 judicia,
1285 2029 1371 2078 aera·

265 2113 364 2188 riom,
379 2109 571 2193 provinciae,
585 2127 690 2191 reges,
704 2127 807 2192 penes
828 2129 939 2187 unum,
954 2109 1097 2193 denique
1118 2112 1211 2176 necis
1233 2115 1368 2194 civium,

266 2219 298 2275 et
311 2214 389 2276 vitm
404 2211 561 2275 licentie.¹
605 2209 711 2273 Simul
731 2208 894 2274 humanas
911 2209 1039 2274 hostias
1053 2211 1198 2292 vidistis,
1212 2219 1246 2278 et
1259 2217 1369 2299 sepul-

267 2312 346 2376 chra
358 2311 480 2376 infecta
494 2313 654 2394 sangnine
668 2311 771 2376 civili.
814 2307 917 2376 Estne
931 2313 1013 2377 viris
1024 2312 1140 2396 reliqui
1155 2314 1253 2392 aliud,
1265 2335 1367 2398 quam

266 2412 396 2477 solvere
417 2415 580 2499 injuriam,
595 2418 654 2477 sut
676 2413 760 2476 mori
779 2405 840 2495 'per
861 2415 1040 2478 virtuteml
1064 2417 1367 2498 quoniamquidem

265 2535 366 2578 unum
380 2516 534 2579 omnibus
547 2515 645 2579 linem
663 2525 783 2580 natura
803 2515 857 2579 vel
878 2517 963 2580 ferro
985 2519 1088 2601 septis
1108 2519 1239 2583 statuit:
1262 2537 1368 2603 nequo

266 2615 443 2700 quisquam
456 2623 652 2682 extremam
664 2618 895 2682 necessitatem
914 2619 995 2683 nihil
1011 2639 1123 2698 ansus,
1136 2621 1201 2684 nisi
1215 2621 1367 2686 muliebri

266 2718 409 2800 ingenio,
423 2725 589 2803 expectat.
633 2718 760 2782 Verum
780 2738 841 2802 ego
862 2717 1053 2797 seditiosus,
1067 2721 1115 2783 uti
1131 2720 1224 2806 Sylla
1237 2723 1293 2799 eit,
1309 2724 1368 2806 qni

264 2821 406 2902 praemia
418 2822 585 2886 turbarum
594 2841 715 2904 queror
726 2827 749 2902 3¹
769 2827 802 2884 ct
810 2819 929 2886 bellum
940 2821 1088 2906 cupiens,
1097 2821 1176 2904 quia
1183 2821 1262 2907 juro
1272 2823 1369 2908 pacis

763 3018 870 3070 NOTAE

298 3158 310 3183 ¹
335 3149 504 3214 Periculosius]
536 3149 631 3201 Nullos
650 3149 739 3216 itsqne
758 3150 796 3201 in·
869 3151 998 3216 ‘Querod
1010 3151 1369 3217 Gronorluslegendnmesss

260 3223 333 3291 inste
356 3226 509 3288 dominetur,
535 3226 580 3290 qui
601 3240 638 3275 se.
657 3226 796 3290 pessimum
836 3233 913 3290 putot
924 3243 1018 3290 peroro:
1045 3235 1147 3293 etpece
1160 3229 1226 3278 tenti
1240 3229 1287 3279 viri
1303 3227 1368 3278 nihil

264 3301 322 3352 deri
333 3303 436 3352 metuit.
836 3304 986 3353 mutandum
997 3318 1106 3365 censeo;
1124 3305 1184 3369 quin
1197 3319 1299 3354 sensnm
1313 3319 1367 3355 me-

297 3386 309 3410 '
325 3379 474 3442 serem]
491 3378 523 3428 ld
534 3385 584 3442 est,
594 3381 626 3427 nd
641 3379 796 3429 retinendus.
837 3379 936 3440 liorem,
945 3380 1077 3445 magisque
1094 3395 1126 3428 ex
1145 3379 1237 3444 Lepidi
1254 3380 1368 3444 ingenio,

265 3453 562 3516 Subintelligitnrcnm.
836 3455 1148 3518 querorvidetureilicere.
1171 3455 1289 3506 intendit
1297 3455 1368 3506 enim

297 3537 315 3562 '
330 3529 445 3595 mou]
461 3531 603 3582 Quinornm
612 3528 734 3580 frumenti
742 3546 794 3580 mo·
834 3530 912 3594 Syllo
924 3530 1116 3582 criminationes
1131 3545 1161 3582 eo
1179 3532 1255 3580 modo
1272 3537 1368 3596 propo·

265 3608 368 3659 diorum
378 3606 458 3656 inisse
469 3621 509 3669 es,
521 3607 547 3654 in
559 3606 671 3669 singulos
683 3621 795 3668 menses,
835 3621 906 3668 nere,
916 3617 945 3658 ut
958 3623 1004 3672 per
1018 3625 1045 3658 se
1062 3609 1208 3670 diluentem
1225 3608 1293 3673 qnod
1310 3607 1368 3673 qui-

264 3685 424 3748 annuato,
434 3685 467 3734 ed
476 3684 590 3732 Terentii
604 3683 795 3747 Phormionem,
834 3681 941 3732 dem'in
966 3685 1102 3754 posteriori
1131 3687 1295 3750 perspicuum
1317 3691 1368 3746 est,

264 3762 394 3813 discimus.
427 3761 549 3810 Ceterum
563 3760 622 3810 hinc
638 3761 700 3810 licet
717 3762 796 3826 conji·
834 3773 892 3807 cunr
904 3759 978 3823 dicit,
991 3761 1026 3810 Et
1036 3761 1120 3810 tellum
1131 3761 1234 3825 cupiens,
1249 3759 1368 3825 quiem

265 3854 336 3902 cere,
343 3837 439 3904 aliquid
448 3840 473 3888 in
481 3836 604 3887 frumenti
612 3837 794 3888 distributione
832 3835 898 3900 pacis
907 3843 995 3902 repeto.
1017 3835 1043 3887 Si
1054 3839 1078 3885 in
1092 3839 1170 3901 priori
1181 3853 1228 3901 pro
1237 3838 1285 3900 qni,
1294 3835 1366 3901 leges

265 3931 282 3966 s
291 3917 363 3980 Sylla
373 3922 500 3964 molstum
512 3911 599 3963 fuisse.
833 3914 897 3978 quio,
911 3929 969 3961 nnm
987 3927 1056 3977 saepe
1068 3927 1124 3963 earn
1137 3915 1189 3962 vim
1201 3913 1311 3972 obtinet,
1322 3925 1366 3961 res

249 4035 254 4040 Α
296 3997 311 4024 ¹
324 3991 389 4042 Vitoe
398 3989 504 4054 luenda]
521 3991 605 4040 Nemo
616 3989 693 4053 enim,
703 3990 747 4038 illo
756 3989 794 4038 in·
834 3989 884 4036 erit
895 3988 1044 4038 clarissime.
1077 3991 1146 4052 Lege
1159 3988 1244 4052 modo,
1256 3994 1284 4038 et
1295 3983 1367 4036 ride·

264 4066 330 4128 vito,
341 4081 390 4117 nec
409 4067 484 4130 bone,
494 4080 542 4115 neo
559 4065 681 4128 Patrium,
692 4078 741 4113 nec
757 4065 793 4114 sl·
821 4063 888 4113 'bis:
907 4063 1014 4127 perinde
1030 4067 1099 4114 enim
1113 4072 1153 4114 est
1165 4080 1195 4113 ec
1216 4063 1237 4114 si
1255 4062 1366 4126 diceret,

264 4147 327 4205 nm,
338 4142 449 4193 retinere
462 4148 573 4206 poteret,
582 4146 612 4190 nt
630 4145 743 4191 testatur
753 4141 794 4191 cl·
833 4141 915 4203 Inepte
926 4140 994 4206 Syllo
1004 4141 1184 4190 mereditiosrm
1195 4143 1271 4203 mest,
1279 4133 1367 4188 nmis

265 4232 336 4269 cern.
832 4233 858 4266 eo
869 4220 923 4279 sim,
933 4220 960 4265 ut
971 4232 1065 4280 querar,
1076 4217 1136 4280 quod
1150 4216 1250 4278 pressio
1264 4213 1365 4266 arde

296 4301 309 4338 s
325 4293 475 4356 Etim]
493 4293 605 4343 Moriens.
834 4293 860 4344 in
870 4291 1194 4353 uditiososcollnlofserint.

1524 2305 1527 2522 l

1522 3009 1526 3250 l
