3092 4884
367 1020 731 1102 saaunlsslmo
763 1028 1090 1125 GALLIARUM

470 1300 985 1433 DELPHINO

634 1565 812 1652 sarr

315 1800 633 1904 DANIEL
671 1814 1134 1918 CRISPINUS·

579 2058 874 2146 :aaa

172 2282 298 2379 Quoo
321 2306 405 2375 milri
428 2330 494 2377 non
518 2312 568 2381 ita
592 2316 926 2401 pridemsmumisin
952 2323 1043 2393 votis
1069 2321 1145 2402 tuit,
1174 2322 1275 2389 Duu-

171 2422 289 2473 rfflns
311 2408 586 2497 Sanamem,
600 2426 639 2487 ut
652 2422 714 2488 tibi
736 2426 882 2509 aliquem
895 2446 940 2491 cx
953 2424 1038 2491 meis
1051 2425 1172 2491 studiis
1186 2423 1275 2491 fruo-

168 2511 240 2573 uum
261 2530 500 2597 consecrarem,
524 2520 618 2600 illud,
644 2524 702 2589 ubi
726 2526 857 2610 obtigit,
877 2544 984 2612 prope
1007 2531 1059 2591 est
1080 2532 1117 2591 ut
1135 2529 1273 2594 omniuo

166 2610 339 2696 rumgiam.
383 2616 506 2705 Neque
527 2642 608 2689 vcro
637 2626 768 2692 animus
790 2637 868 2712 eiga
891 2626 943 2693 To
964 2648 1059 2693 meus
1080 2628 1275 2695 immutatus

168 2716 228 2790 δῖ,
250 2733 318 2779 nou
342 2719 508 2804 stu'dium3
542 2725 601 2789 scd
624 2746 678 2791 mo
700 2733 815 2793 totum·
831 2748 937 2814 usquo
961 2730 1046 2795 adeo
1069 2730 1275 2815 praepedivit

168 2813 342 2883 admiratio
355 2826 390 2886 at
402 2828 582 2906 veneratio,
596 2834 644 2908 ut,
659 2849 736 2913 quae
760 2849 824 2915 ago
845 2833 984 2897 antchac
1004 2833 1063 2897 diu
1083 2832 1273 2915 conquisie-

166 2932 248 2993 ram,
262 2936 303 2983 aa
316 2940 401 2987 nunc
420 2942 528 3010 noque
551 2930 712 3013 expedire
727 2934 866 3015 possim,
881 2953 990 3018 noque
1006 2938 1097 2999 corto
1117 2934 1271 3000 audeam.

167 3014 359 3087 Arbitratus
374 3042 464 3091 cram
477 3028 512 3091 iu
524 3028 680 3097 laudibus
700 3034 768 3097 tuis
791 3034 1064 3101 coucelebraudis
1086 3041 1156 3100 tam
1174 3056 1273 3119 argu·

167 3124 235 3185 tun
248 3126 382 3209 tumque
395 3128 560 3197 solicitam
579 3132 711 3213 famam,
727 3136 995 3221 quandoquidem
1009 3138 1148 3202 minima
1160 3142 1273 3208 moxi-

166 3240 223 3289 ma
236 3232 489 3308 consociaretur,
504 3234 664 3319 ploraque
683 3240 797 3303 omnia
815 3239 859 3303 dc
881 3239 932 3304 To
955 3258 1058 3324 puero
1081 3240 1269 3307 revelasse:

167 3323 330 3411 adeoquo,
345 3332 490 3417 exejus,
512 3336 553 3401 de
567 3336 773 3405 admirandis
790 3343 855 3407 tuis
869 3342 1113 3425 progressibus,
1125 3342 1270 3423 Βῦθΰθθ,

166 3444 242 3491 oum
263 3427 313 3491 're
337 3430 419 3497 inter
438 3434 685 3504 Grammaticos
707 3443 824 3524 spinas
839 3444 1046 3510 haesitautem
1061 3445 1181 3527 adhuc,
1202 3464 1270 3511 uou

164 3521 235 3593 sinc
248 3550 365 3611 causa,
381 3536 462 3603 mihi
476 3536 643 3623 fingerem,
659 3548 719 3608 tua
733 3548 802 3609 tom
820 3546 984 3615 luculente
998 3556 1164 3617 ostentata
1174 3568 1270 3615 mau-

164 3632 304 3701 suendo
318 3636 404 3701 hanc
425 3638 506 3705 mihi
518 3642 652 3725 plenam
669 3650 878 3715 verocundiae
905 3651 1082 3718 audaciam
1096 3650 1269 3732 indiderat,

164 3740 203 3799 ut
218 3737 343 3801 alicubi
358 3740 475 3806 saltam
498 3744 588 3809 viam
609 3744 689 3813 Tibi
710 3750 845 3833 planam
861 3760 896 3818 ct
909 3755 1067 3819 munitam
1080 3754 1190 3819 facore
1208 3773 1267 3819 co·

162 3854 269 3904 naret.
308 3838 487 3919 Quantum
503 3864 580 3912 voro
595 3868 648 3913 mc
668 3852 787 3934 opinio
809 3852 935 3934 fefellit,
950 3855 1059 3921 dicam
1071 3874 1139 3919 uno
1154 3856 1266 3934 verbo,
1385 3929 1390 3937 ⁸

163 3956 205 4005 ua
224 3940 287 4005 tibi
309 3941 434 4009 diutius
457 3948 614 4015 molestus
641 3954 716 4017 sim.
761 3953 848 4019 Cum
871 3959 1012 4040 primum
1030 3957 1076 4022 ad
1100 3956 1151 4022 Ta
1166 3956 1268 4022 Illus-

163 4042 300 4108 trissimi
324 4045 431 4111 Ducis
457 4047 674 4120 Moutauscrii
689 4056 851 4143 beneficio
865 4080 939 4125 sum
957 4061 1134 4138 admissus,
1149 4061 1266 4127 obstu-

162 4145 233 4228 pui.
293 4144 388 4225 Quid
411 4152 523 4216 enimi
560 4152 601 4217 In
630 4156 847 4226 festivissimo
876 4162 1013 4229 Nasone
1040 4162 1265 4248 explanando,
1299 4205 1304 4211 -

161 4266 267 4333 noque
293 4252 464 4335 troporum
483 4252 640 4335 audacia,
655 4278 761 4342 noque
787 4261 959 4347 implicata
979 4266 1155 4333 verborum
1172 4278 1266 4330 comt

170 4418 175 4427 ¹
227 4348 354 4413 Deiota
367 4350 499 4407 vocum
662 4358 762 4412 dadau.
1173 4364 1199 4415 Α
