3092 4884
527 936 593 1023 o.
647 928 994 1083 cursorius

219 1408 223 1419 -
346 1318 1174 1461 PRAEFATIO.

671 1828 849 1854 “evoment

218 2180 329 2276 Quis
354 2201 453 2271 fuer'it
470 2200 614 2287 'Crispus
636 2198 827 2281 Sallustius,
843 2207 1024 2286 autequam
1048 2195 1111 2269 tibi
1125 2203 1321 2283 ‚sisteretun

216 2304 397 2374 inonendus
420 2320 523 2385 esses,
547 2304 655 2369 amice
679 2304 816 2369 Lector:
839 2303 899 2369 sed
923 2303 1009 2367 illud
1032 2305 1112 2388 quio
1125 2304 1203 2369 Viri
1218 2306 1323 2390 juxta

218 2408 310 2475 docti
323 2415 357 2474 et
369 2409 515 2473 celebres
529 2407 657 2490 egregie
669 2406 904 2490 praestiterunt,
924 2420 1209 2488 supervacaneum
1224 2404 1324 2472 duxi·

218 2530 291 2575 mus
314 2528 425 2574 eomm
449 2511 533 2574 bene
555 2509 684 2592 scripto
706 2492 897 2592 r‘ecoquue.
944 2505 1106 2590 Adeoque
1128 2527 1174 2573 ex
1195 2506 1276 2585 illis,
1291 2508 1322 2571 si

218 2609 320 2689 lubet,
334 2611 478 2675 auctoris
490 2610 595 2675 nostri
610 2615 642 2674 et
655 2609 761 2673 vitam
783 2614 818 2672 et
841 2628 951 2673 mores
967 2609 1172 2691 cognoveris.
1216 2606 1324 2673 Aliud

219 2717 280 2788 est,
295 2710 384 2795 quod
399 2710 529 2774 anobis
545 2710 619 2794 jure
634 2710 817 2794 meritoque
830 2714 1005 2793 expectes3
1027 2729 1215 2793 quemnam,
1230 2710 1324 2775 scili·

220 2817 284 2889 oet,
299 2830 343 2875 ex
354 2810 420 2875 hac
434 2830 522 2875 novo
540 2810 689 2875 Sallustii
711 2810 854 2875 editione
876 2810 1017 2877 morum
1040 2831 1176 2897 carpere
1198 2812 1322 2895 possis.

220 2912 422 2991 Institutum,
437 2914 602 2997 totiusque
617 2912 728 2995 operis
743 2910 1005 2994 designationem
1026 2913 1058 2976 si
1078 2916 1225 2995 spectes,
1238 2912 1323 2979 nihil

219 3034 284 3080 non
298 3034 429 3099 sperare
444 3014 581 3079 audeus:
603 3033 693 3092 nam,
717 3012 809 3097 qnod
824 3020 900 3079 unte
913 3015 1025 3079 omniu
1038 3016 1201 3079 monitum
1215 3024 1248 3081 te
1262 3037 1324 3083 vo·

220 3116 340 3194 lumus,
355 3135 420 3180 non
444 3116 603 3181 instinchr
623 3120 750 3193 nostro,
772 3116 833 3181 sed
847 3117 1084 3200 sapientissimi
1099 3116 1209 3181 Ducis
1225 3117 1326 3184 Mon·

157 3250 164 3257 ·
222 3218 367 3295 tuuserii,
394 3210 602 3282 Serenissimi
631 3216 791 3300 Delphini
819 3216 1043 3282 Modemtoris
1072 3217 1184 3302 jussu,
1214 3222 1325 3285 oonsi-

221 3318 344 3404 lioque,
370 3320 541 3397 eximium,
565 3340 606 3385 eo
632 3339 698 3404 quo
722 3317 851 3385 videbis
877 3324 1005 3397 ornatu,
1029 3318 1237 3386 Historieum
1261 3323 1325 3389 tibi

222 3420 427 3485 exhibemus.
461 3420 533 3499 Ille,
548 3427 585 3486 ut
598 3426 651 3485 est
664 3420 752 3485 omni
766 3420 997 3485 humaniomm
1010 3423 1179 3487 literarum
1194 3424 1325 3507 elegan-

222 3522 270 3587 tia
283 3521 449 3600 excultus,
463 3523 520 3586 nbi
543 3522 740 3587 instituendo
764 3521 915 3606 Principi
937 3523 1140 3607 praepositns
1163 3528 1226 3603 est,
1239 3544 1324 3609 quo-

222 3642 301 3689 num
322 3624 531 3707 potissimum
553 3624 652 3689 modo
677 3624 798 3708 singuli
821 3630 974 3689 auctores
996 3624 1096 3689 facile
1119 3624 1324 3711 feliciterque

222 3726 412 3809 legerenbrr,
427 3729 531 3811 coepit
550 3730 709 3811 cogitare:
733 3747 810 3811 quse
833 3728 942 3792 lucem
963 3726 1122 3791 adderent
1143 3728 1324 3809 legentium

224 3828 358 3893 animis:
391 3848 468 3912 qum
491 3831 763 3916 impedimentum
788 3830 961 3895 inferrent:
983 3848 1092 3913 eoque
1115 3830 1228 3894 omnin
1252 3831 1325 3895 uni·

223 3928 411 4008 madvertit,
424 3950 500 4014 quse
515 3951 578 3995 non
592 3932 691 3997 modo
704 3932 916 3995 Serenissimi
928 3931 1100 4015 Delphini,
1112 3931 1172 3995 sed
1186 3932 1325 4015 publico

131 4092 136 4103 ,
224 4028 324 4093 etium
337 4030 447 4095 studia
463 4031 584 4116 juvare
603 4038 749 4115 possent.
795 4032 883 4099 Duae
899 4040 975 4099 sunt
996 4034 1032 4097 in
1044 4034 1193 4117 legendis
1207 4039 1324 4099 uncto-

225 4129 317 4195 ribus
340 4130 560 4212 difficultutes,
585 4154 661 4217 qum
686 4133 916 4201 festinantibus
940 4142 975 4200 et
998 4137 1110 4202 minus
1131 4136 1325 4201 exercitatis

227 4232 390 4317 negotium
409 4234 586 4309 incessant.
629 4236 728 4302 Prior
741 4237 889 4321 quidem,
912 4258 1014 4324 quam
1028 4238 1112 4304 facit
1124 4239 1201 4325 ipse
1214 4256 1323 4317 senno
