<?xml version="1.0" encoding="UTF-8"?>
<!DOCTYPE html PUBLIC "-//W3C//DTD XHTML 1.0 Transitional//EN"
    "http://www.w3.org/TR/xhtml1/DTD/xhtml1-transitional.dtd">
<html xmlns="http://www.w3.org/1999/xhtml" xml:lang="en" lang="en">
 <head>
  <title>
</title>
<meta http-equiv="Content-Type" content="text/html;charset=utf-8" />
  <meta name='ocr-system' content='tesseract 3.04.00' />
  <meta name='ocr-capabilities' content='ocr_page ocr_carea ocr_par ocr_line ocrx_word'/>
</head>
<body>
  <div class='ocr_page' id='page_1' title='image "./ccrispisallusti02sallgoog_0024.png"; bbox 0 0 3092 4884; ppageno 0'>
   <div class='ocr_carea' id='block_1_1' title="bbox 290 678 1248 857">
    <p class='ocr_par' dir='ltr' id='par_1_1' title="bbox 290 678 1248 857">
     <span class='ocr_line' id='line_1_1' title="bbox 290 678 1248 857; baseline 0.017 -63"><span class='ocrx_word' id='word_1_1' title='bbox 290 678 564 799; x_wconf 83' lang='lat' dir='ltr'><strong>VITA</strong></span> <span class='ocrx_word' id='word_1_2' title='bbox 632 680 1248 857; x_wconf 77' lang='lat' dir='ltr'><strong>snunusrrr</strong></span> 
     </span>
    </p>
   </div>
   <div class='ocr_carea' id='block_1_2' title="bbox 547 1050 1002 1160">
    <p class='ocr_par' dir='ltr' id='par_1_2' title="bbox 547 1050 1002 1160">
     <span class='ocr_line' id='line_1_2' title="bbox 547 1050 1002 1160; baseline 0 -31"><span class='ocrx_word' id='word_1_3' title='bbox 547 1050 729 1129; x_wconf 75' lang='lat' dir='ltr'><strong>ranno</strong></span> <span class='ocrx_word' id='word_1_4' title='bbox 770 1050 1002 1160; x_wconf 81' lang='lat' dir='ltr'><strong>cnrurro</strong></span> 
     </span>
    </p>
   </div>
   <div class='ocr_carea' id='block_1_3' title="bbox 426 1382 1126 1483">
    <p class='ocr_par' dir='ltr' id='par_1_3' title="bbox 426 1382 1126 1483">
     <span class='ocr_line' id='line_1_3' title="bbox 426 1382 1126 1483; baseline 0.011 -8"><span class='ocrx_word' id='word_1_5' title='bbox 426 1382 1126 1483; x_wconf 82' lang='lat' dir='ltr'><strong>HISTORICIS</strong></span> 
     </span>
    </p>
   </div>
   <div class='ocr_carea' id='block_1_4' title="bbox 756 1592 795 1629">
    <p class='ocr_par' dir='ltr' id='par_1_4' title="bbox 756 1592 795 1629">
     <span class='ocr_line' id='line_1_4' title="bbox 756 1592 795 1629; baseline 0 0"><span class='ocrx_word' id='word_1_6' title='bbox 756 1592 795 1629; x_wconf 73' lang='lat' dir='ltr'><strong>Ac</strong></span> 
     </span>
    </p>
   </div>
   <div class='ocr_carea' id='block_1_5' title="bbox 505 1712 1055 1787">
    <p class='ocr_par' dir='ltr' id='par_1_5' title="bbox 505 1712 1055 1787">
     <span class='ocr_line' id='line_1_5' title="bbox 505 1712 1055 1787; baseline 0.004 -2"><span class='ocrx_word' id='word_1_7' title='bbox 505 1712 822 1787; x_wconf 24' lang='lat' dir='ltr'><strong>*onnioltrnus</strong></span> <span class='ocrx_word' id='word_1_8' title='bbox 845 1718 1055 1787; x_wconf 79' lang='lat' dir='ltr'><strong>LATINIS.</strong></span> 
     </span>
    </p>
   </div>
   <div class='ocr_carea' id='block_1_6' title="bbox 688 1979 865 2001">
    <p class='ocr_par' dir='ltr' id='par_1_6' title="bbox 688 1979 865 2001">
     <span class='ocr_line' id='line_1_6' title="bbox 688 1979 865 2001; baseline 0.006 -1"><span class='ocrx_word' id='word_1_9' title='bbox 688 1979 865 2001; x_wconf 63' lang='lat' dir='ltr'><strong>oeno-runa</strong></span> 
     </span>
    </p>
   </div>
   <div class='ocr_carea' id='block_1_7' title="bbox 225 2164 1331 4221">
    <p class='ocr_par' dir='ltr' id='par_1_7' title="bbox 225 2164 1331 4221">
     <span class='ocr_line' id='line_1_7' title="bbox 227 2164 1326 2277; baseline -0.003 -20"><span class='ocrx_word' id='word_1_10' title='bbox 227 2164 289 2259; x_wconf 80' lang='lat' dir='ltr'><strong>C·</strong></span> <span class='ocrx_word' id='word_1_11' title='bbox 311 2188 475 2255; x_wconf 78' lang='lat' dir='ltr'><strong>Cnrsrus</strong></span> <span class='ocrx_word' id='word_1_12' title='bbox 497 2186 737 2253; x_wconf 74' lang='lat' dir='ltr'><strong>Sunuusrrus</strong></span> <span class='ocrx_word' id='word_1_13' title='bbox 752 2184 917 2253; x_wconf 77' lang='lat' dir='ltr'>Amiterni</span> <span class='ocrx_word' id='word_1_14' title='bbox 929 2192 1028 2253; x_wconf 86' lang='lat' dir='ltr'><strong>natus</strong></span> <span class='ocrx_word' id='word_1_15' title='bbox 1042 2186 1182 2254; x_wconf 77' lang='lat' dir='ltr'><strong>traditus</strong></span> <span class='ocrx_word' id='word_1_16' title='bbox 1195 2189 1232 2254; x_wconf 90' lang='lat' dir='ltr'><strong>in</strong></span> <span class='ocrx_word' id='word_1_17' title='bbox 1245 2208 1326 2277; x_wconf 75' lang='lat' dir='ltr'><strong>agro</strong></span> 
     </span>
     <span class='ocr_line' id='line_1_8' title="bbox 227 2288 1328 2377; baseline 0.001 -20"><span class='ocrx_word' id='word_1_18' title='bbox 227 2292 365 2371; x_wconf 88' lang='lat' dir='ltr'><strong>Sabino,</strong></span> <span class='ocrx_word' id='word_1_19' title='bbox 388 2312 456 2377; x_wconf 89' lang='lat' dir='ltr'><strong>quo</strong></span> <span class='ocrx_word' id='word_1_20' title='bbox 478 2310 564 2357; x_wconf 88' lang='lat' dir='ltr'><strong>anno</strong></span> <span class='ocrx_word' id='word_1_21' title='bbox 585 2288 840 2356; x_wconf 71' lang='lat' dir='ltr'><strong>Atheniensium</strong></span> <span class='ocrx_word' id='word_1_22' title='bbox 849 2292 929 2356; x_wconf 86' lang='lat' dir='ltr'><strong>urbs</strong></span> <span class='ocrx_word' id='word_1_23' title='bbox 950 2310 974 2355; x_wconf 92' lang='lat' dir='ltr'><strong>a</strong></span> <span class='ocrx_word' id='word_1_24' title='bbox 996 2290 1039 2355; x_wconf 83' lang='lat' dir='ltr'><strong>L.</strong></span> <span class='ocrx_word' id='word_1_25' title='bbox 1063 2289 1158 2355; x_wconf 84' lang='lat' dir='ltr'><strong>Sulla</strong></span> <span class='ocrx_word' id='word_1_26' title='bbox 1183 2290 1328 2372; x_wconf 64' lang='lat' dir='ltr'><strong>(leuata,</strong></span> 
     </span>
     <span class='ocr_line' id='line_1_9' title="bbox 227 2392 1329 2483; baseline -0.002 -21"><span class='ocrx_word' id='word_1_27' title='bbox 227 2402 327 2483; x_wconf 83' lang='lat' dir='ltr'><strong>atqua</strong></span> <span class='ocrx_word' id='word_1_28' title='bbox 345 2400 477 2463; x_wconf 80' lang='lat' dir='ltr'><strong>vastata</strong></span> <span class='ocrx_word' id='word_1_29' title='bbox 501 2401 563 2473; x_wconf 83' lang='lat' dir='ltr'><strong>est,</strong></span> <span class='ocrx_word' id='word_1_30' title='bbox 590 2398 627 2458; x_wconf 88' lang='lat' dir='ltr'><strong>ut</strong></span> <span class='ocrx_word' id='word_1_31' title='bbox 649 2392 794 2459; x_wconf 79' lang='lat' dir='ltr'><strong>Romani</strong></span> <span class='ocrx_word' id='word_1_32' title='bbox 815 2395 950 2460; x_wconf 87' lang='lat' dir='ltr'><strong>aunalas</strong></span> <span class='ocrx_word' id='word_1_33' title='bbox 974 2394 1129 2472; x_wconf 80' lang='lat' dir='ltr'><strong>raserunt,</strong></span> <span class='ocrx_word' id='word_1_34' title='bbox 1153 2413 1198 2457; x_wconf 86' lang='lat' dir='ltr'><strong>ax</strong></span> <span class='ocrx_word' id='word_1_35' title='bbox 1222 2395 1329 2461; x_wconf 86' lang='lat' dir='ltr'><strong>nubili</strong></span> 
     </span>
     <span class='ocr_line' id='line_1_10' title="bbox 226 2495 1329 2582; baseline -0.001 -18"><span class='ocrx_word' id='word_1_36' title='bbox 226 2498 457 2564; x_wconf 90' lang='lat' dir='ltr'><strong>Sallustiorum</strong></span> <span class='ocrx_word' id='word_1_37' title='bbox 477 2497 604 2565; x_wconf 81' lang='lat' dir='ltr'><strong>familia</strong></span> <span class='ocrx_word' id='word_1_38' title='bbox 625 2502 719 2561; x_wconf 86' lang='lat' dir='ltr'><strong>ortus</strong></span> <span class='ocrx_word' id='word_1_39' title='bbox 733 2503 797 2576; x_wconf 87' lang='lat' dir='ltr'><strong>est,</strong></span> <span class='ocrx_word' id='word_1_40' title='bbox 823 2518 900 2582; x_wconf 81' lang='lat' dir='ltr'><strong>quas</strong></span> <span class='ocrx_word' id='word_1_41' title='bbox 924 2496 984 2561; x_wconf 89' lang='lat' dir='ltr'><strong>‹liu</strong></span> <span class='ocrx_word' id='word_1_42' title='bbox 1004 2498 1039 2561; x_wconf 92' lang='lat' dir='ltr'><strong>in</strong></span> <span class='ocrx_word' id='word_1_43' title='bbox 1057 2495 1201 2561; x_wconf 77' lang='lat' dir='ltr'><strong>secundo</strong></span> <span class='ocrx_word' id='word_1_44' title='bbox 1214 2496 1329 2563; x_wconf 82' lang='lat' dir='ltr'><strong>ordina</strong></span> 
     </span>
     <span class='ocr_line' id='line_1_11' title="bbox 226 2597 1330 2685; baseline -0.002 -18"><span class='ocrx_word' id='word_1_45' title='bbox 226 2601 422 2685; x_wconf 78' lang='lat' dir='ltr'><strong>dignitatem</strong></span> <span class='ocrx_word' id='word_1_46' title='bbox 436 2602 590 2667; x_wconf 84' lang='lat' dir='ltr'><strong>servavit.</strong></span> <span class='ocrx_word' id='word_1_47' title='bbox 635 2600 732 2669; x_wconf 83' lang='lat' dir='ltr'><strong>Idam</strong></span> <span class='ocrx_word' id='word_1_48' title='bbox 754 2602 790 2665; x_wconf 93' lang='lat' dir='ltr'><strong>in</strong></span> <span class='ocrx_word' id='word_1_49' title='bbox 803 2601 885 2665; x_wconf 81' lang='lat' dir='ltr'><strong>urba</strong></span> <span class='ocrx_word' id='word_1_50' title='bbox 906 2600 1069 2665; x_wconf 81' lang='lat' dir='ltr'><strong>educatus</strong></span> <span class='ocrx_word' id='word_1_51' title='bbox 1082 2597 1237 2676; x_wconf 79' lang='lat' dir='ltr'><strong>creditur,</strong></span> <span class='ocrx_word' id='word_1_52' title='bbox 1258 2606 1294 2665; x_wconf 84' lang='lat' dir='ltr'><strong>ct</strong></span> <span class='ocrx_word' id='word_1_53' title='bbox 1306 2618 1330 2665; x_wconf 84' lang='lat' dir='ltr'><strong>a</strong></span> 
     </span>
     <span class='ocr_line' id='line_1_12' title="bbox 225 2700 1329 2788; baseline -0.004 -19"><span class='ocrx_word' id='word_1_54' title='bbox 225 2704 347 2769; x_wconf 76' lang='lat' dir='ltr'><strong>teneris</strong></span> <span class='ocrx_word' id='word_1_55' title='bbox 361 2705 457 2773; x_wconf 87' lang='lat' dir='ltr'><strong>aunis</strong></span> <span class='ocrx_word' id='word_1_56' title='bbox 476 2724 623 2788; x_wconf 81' lang='lat' dir='ltr'><strong>operam,</strong></span> <span class='ocrx_word' id='word_1_57' title='bbox 647 2724 689 2770; x_wconf 84' lang='lat' dir='ltr'><strong>aa</strong></span> <span class='ocrx_word' id='word_1_58' title='bbox 700 2703 848 2769; x_wconf 84' lang='lat' dir='ltr'><strong>stadium</strong></span> <span class='ocrx_word' id='word_1_59' title='bbox 862 2701 1065 2787; x_wconf 73' lang='lat' dir='ltr'>impendisse</span> <span class='ocrx_word' id='word_1_60' title='bbox 1077 2700 1215 2784; x_wconf 82' lang='lat' dir='ltr'><strong>optimis</strong></span> <span class='ocrx_word' id='word_1_61' title='bbox 1226 2700 1329 2770; x_wconf 79' lang='lat' dir='ltr'><strong>disci-</strong></span> 
     </span>
     <span class='ocr_line' id='line_1_13' title="bbox 227 2803 1330 2892; baseline 0 -23"><span class='ocrx_word' id='word_1_62' title='bbox 227 2804 348 2888; x_wconf 84' lang='lat' dir='ltr'><strong>plinis:</strong></span> <span class='ocrx_word' id='word_1_63' title='bbox 372 2806 434 2870; x_wconf 86' lang='lat' dir='ltr'><strong>sed</strong></span> <span class='ocrx_word' id='word_1_64' title='bbox 454 2826 531 2871; x_wconf 91' lang='lat' dir='ltr'><strong>cum</strong></span> <span class='ocrx_word' id='word_1_65' title='bbox 553 2806 588 2870; x_wconf 91' lang='lat' dir='ltr'><strong>in</strong></span> <span class='ocrx_word' id='word_1_66' title='bbox 601 2825 643 2871; x_wconf 88' lang='lat' dir='ltr'><strong>ca</strong></span> <span class='ocrx_word' id='word_1_67' title='bbox 655 2810 807 2889; x_wconf 74' lang='lat' dir='ltr'><strong>tempora</strong></span> <span class='ocrx_word' id='word_1_68' title='bbox 826 2803 1015 2882; x_wconf 83' lang='lat' dir='ltr'><strong>incidisset,</strong></span> <span class='ocrx_word' id='word_1_69' title='bbox 1031 2803 1162 2892; x_wconf 18' lang='lat' dir='ltr'><strong>&#39;quibus</strong></span> <span class='ocrx_word' id='word_1_70' title='bbox 1182 2804 1330 2888; x_wconf 77' lang='lat' dir='ltr'><strong>corrupti</strong></span> 
     </span>
     <span class='ocr_line' id='line_1_14' title="bbox 228 2904 1330 2991; baseline 0 -22"><span class='ocrx_word' id='word_1_71' title='bbox 228 2905 353 2971; x_wconf 85' lang='lat' dir='ltr'><strong>civium</strong></span> <span class='ocrx_word' id='word_1_72' title='bbox 366 2926 474 2972; x_wconf 85' lang='lat' dir='ltr'><strong>moras</strong></span> <span class='ocrx_word' id='word_1_73' title='bbox 491 2908 596 2973; x_wconf 79' lang='lat' dir='ltr'><strong>variis</strong></span> <span class='ocrx_word' id='word_1_74' title='bbox 617 2907 780 2991; x_wconf 82' lang='lat' dir='ltr'><strong>partibus,</strong></span> <span class='ocrx_word' id='word_1_75' title='bbox 802 2911 902 2989; x_wconf 83' lang='lat' dir='ltr'><strong>atque</strong></span> <span class='ocrx_word' id='word_1_76' title='bbox 915 2905 1114 2971; x_wconf 77' lang='lat' dir='ltr'><strong>factionibus</strong></span> <span class='ocrx_word' id='word_1_77' title='bbox 1133 2904 1251 2984; x_wconf 82' lang='lat' dir='ltr'><strong>iurant,</strong></span> <span class='ocrx_word' id='word_1_78' title='bbox 1272 2924 1330 2969; x_wconf 89' lang='lat' dir='ltr'><strong>na-</strong></span> 
     </span>
     <span class='ocr_line' id='line_1_15' title="bbox 229 3006 1330 3093; baseline 0.002 -21"><span class='ocrx_word' id='word_1_79' title='bbox 229 3026 293 3093; x_wconf 86' lang='lat' dir='ltr'><strong>que</strong></span> <span class='ocrx_word' id='word_1_80' title='bbox 308 3008 420 3074; x_wconf 83' lang='lat' dir='ltr'><strong>virtuti</strong></span> <span class='ocrx_word' id='word_1_81' title='bbox 433 3011 583 3093; x_wconf 84' lang='lat' dir='ltr'><strong>praemia,</strong></span> <span class='ocrx_word' id='word_1_82' title='bbox 607 3014 666 3073; x_wconf 87' lang='lat' dir='ltr'><strong>aut</strong></span> <span class='ocrx_word' id='word_1_83' title='bbox 679 3008 776 3072; x_wconf 89' lang='lat' dir='ltr'><strong>bunis</strong></span> <span class='ocrx_word' id='word_1_84' title='bbox 797 3006 939 3089; x_wconf 81' lang='lat' dir='ltr'><strong>ingeniis</strong></span> <span class='ocrx_word' id='word_1_85' title='bbox 954 3008 1119 3085; x_wconf 76' lang='lat' dir='ltr'><strong>adessent,</strong></span> <span class='ocrx_word' id='word_1_86' title='bbox 1143 3008 1178 3071; x_wconf 92' lang='lat' dir='ltr'><strong>in</strong></span> <span class='ocrx_word' id='word_1_87' title='bbox 1190 3014 1259 3073; x_wconf 82' lang='lat' dir='ltr'><strong>mm</strong></span> <span class='ocrx_word' id='word_1_88' title='bbox 1272 3008 1330 3074; x_wconf 83' lang='lat' dir='ltr'><strong>dc-</strong></span> 
     </span>
     <span class='ocr_line' id='line_1_16' title="bbox 226 3108 1330 3197; baseline 0 -20"><span class='ocrx_word' id='word_1_89' title='bbox 226 3116 368 3194; x_wconf 80' lang='lat' dir='ltr'><strong>prarata</strong></span> <span class='ocrx_word' id='word_1_90' title='bbox 382 3112 529 3191; x_wconf 71' lang='lat' dir='ltr'><strong>civitate,</strong></span> <span class='ocrx_word' id='word_1_91' title='bbox 550 3112 639 3197; x_wconf 89' lang='lat' dir='ltr'><strong>quud</strong></span> <span class='ocrx_word' id='word_1_92' title='bbox 659 3111 745 3175; x_wconf 85' lang='lat' dir='ltr'><strong>idem</strong></span> <span class='ocrx_word' id='word_1_93' title='bbox 768 3109 947 3175; x_wconf 86' lang='lat' dir='ltr'><strong>Sallustius</strong></span> <span class='ocrx_word' id='word_1_94' title='bbox 959 3110 1091 3187; x_wconf 72' lang='lat' dir='ltr'><strong>fatetur,</strong></span> <span class='ocrx_word' id='word_1_95' title='bbox 1114 3109 1241 3175; x_wconf 84' lang='lat' dir='ltr'><strong>victum</strong></span> <span class='ocrx_word' id='word_1_96' title='bbox 1254 3108 1330 3194; x_wconf 85' lang='lat' dir='ltr'><strong>ejus</strong></span> 
     </span>
     <span class='ocr_line' id='line_1_17' title="bbox 228 3211 1330 3298; baseline 0.001 -22"><span class='ocrx_word' id='word_1_97' title='bbox 228 3213 393 3293; x_wconf 82' lang='lat' dir='ltr'><strong>ingenium</strong></span> <span class='ocrx_word' id='word_1_98' title='bbox 421 3214 661 3298; x_wconf 83' lang='lat' dir='ltr'><strong>voluptatibus,</strong></span> <span class='ocrx_word' id='word_1_99' title='bbox 685 3211 785 3277; x_wconf 79' lang='lat' dir='ltr'><strong>facilc</strong></span> <span class='ocrx_word' id='word_1_100' title='bbox 810 3212 995 3277; x_wconf 79' lang='lat' dir='ltr'><strong>succubuit.</strong></span> <span class='ocrx_word' id='word_1_101' title='bbox 1039 3211 1162 3295; x_wconf 83' lang='lat' dir='ltr'><strong>Itaque</strong></span> <span class='ocrx_word' id='word_1_102' title='bbox 1184 3231 1262 3277; x_wconf 86' lang='lat' dir='ltr'><strong>cum</strong></span> <span class='ocrx_word' id='word_1_103' title='bbox 1284 3212 1330 3277; x_wconf 83' lang='lat' dir='ltr'><strong>ad</strong></span> 
     </span>
     <span class='ocr_line' id='line_1_18' title="bbox 229 3310 1329 3399; baseline -0.001 -19"><span class='ocrx_word' id='word_1_104' title='bbox 229 3310 486 3397; x_wconf 76' lang='lat' dir='ltr'><strong>Rempublicam</strong></span> <span class='ocrx_word' id='word_1_105' title='bbox 510 3319 683 3397; x_wconf 81' lang='lat' dir='ltr'><strong>proaetata</strong></span> <span class='ocrx_word' id='word_1_106' title='bbox 698 3312 782 3378; x_wconf 84' lang='lat' dir='ltr'><strong>soret</strong></span> <span class='ocrx_word' id='word_1_107' title='bbox 805 3312 947 3391; x_wconf 85' lang='lat' dir='ltr'><strong>delatus,</strong></span> <span class='ocrx_word' id='word_1_108' title='bbox 971 3321 1106 3399; x_wconf 73' lang='lat' dir='ltr'><strong>propter</strong></span> <span class='ocrx_word' id='word_1_109' title='bbox 1121 3314 1245 3379; x_wconf 80' lang='lat' dir='ltr'><strong>civium</strong></span> <span class='ocrx_word' id='word_1_110' title='bbox 1267 3314 1329 3379; x_wconf 85' lang='lat' dir='ltr'><strong>im-</strong></span> 
     </span>
     <span class='ocr_line' id='line_1_19' title="bbox 228 3413 1331 3500; baseline 0.004 -21"><span class='ocrx_word' id='word_1_111' title='bbox 228 3414 428 3497; x_wconf 70' lang='lat' dir='ltr'><strong>probitatem</strong></span> <span class='ocrx_word' id='word_1_112' title='bbox 452 3420 486 3485; x_wconf 84' lang='lat' dir='ltr'><strong>at</strong></span> <span class='ocrx_word' id='word_1_113' title='bbox 508 3414 680 3493; x_wconf 81' lang='lat' dir='ltr'><strong>sactiones,</strong></span> <span class='ocrx_word' id='word_1_114' title='bbox 703 3414 811 3479; x_wconf 87' lang='lat' dir='ltr'><strong>multa</strong></span> <span class='ocrx_word' id='word_1_115' title='bbox 831 3413 973 3481; x_wconf 83' lang='lat' dir='ltr'><strong>adversa</strong></span> <span class='ocrx_word' id='word_1_116' title='bbox 993 3416 1147 3500; x_wconf 73' lang='lat' dir='ltr'><strong>pertrrlitz</strong></span> <span class='ocrx_word' id='word_1_117' title='bbox 1167 3422 1331 3483; x_wconf 70' lang='lat' dir='ltr'><strong>namnum</strong></span> 
     </span>
     <span class='ocr_line' id='line_1_20' title="bbox 228 3516 1331 3601; baseline 0.005 -21"><span class='ocrx_word' id='word_1_118' title='bbox 228 3516 400 3600; x_wconf 79' lang='lat' dir='ltr'><strong>praecipua</strong></span> <span class='ocrx_word' id='word_1_119' title='bbox 421 3516 565 3583; x_wconf 78' lang='lat' dir='ltr'><strong>Sullanis</strong></span> <span class='ocrx_word' id='word_1_120' title='bbox 585 3516 735 3601; x_wconf 86' lang='lat' dir='ltr'><strong>partibus</strong></span> <span class='ocrx_word' id='word_1_121' title='bbox 747 3517 870 3583; x_wconf 80' lang='lat' dir='ltr'><strong>insecta</strong></span> <span class='ocrx_word' id='word_1_122' title='bbox 883 3518 1005 3583; x_wconf 88' lang='lat' dir='ltr'><strong>civitas</strong></span> <span class='ocrx_word' id='word_1_123' title='bbox 1018 3519 1197 3591; x_wconf 78' lang='lat' dir='ltr'><strong>aestrrabat</strong></span> <span class='ocrx_word' id='word_1_124' title='bbox 1240 3518 1331 3585; x_wconf 86' lang='lat' dir='ltr'><strong>Con·</strong></span> 
     </span>
     <span class='ocr_line' id='line_1_21' title="bbox 228 3620 1330 3705; baseline 0.002 -22"><span class='ocrx_word' id='word_1_125' title='bbox 228 3620 295 3683; x_wconf 83' lang='lat' dir='ltr'><strong>stat</strong></span> <span class='ocrx_word' id='word_1_126' title='bbox 319 3638 364 3683; x_wconf 82' lang='lat' dir='ltr'><strong>ax</strong></span> <span class='ocrx_word' id='word_1_127' title='bbox 391 3626 536 3685; x_wconf 84' lang='lat' dir='ltr'><strong>veterum</strong></span> <span class='ocrx_word' id='word_1_128' title='bbox 560 3620 815 3699; x_wconf 81' lang='lat' dir='ltr'><strong>commentariis,</strong></span> <span class='ocrx_word' id='word_1_129' title='bbox 843 3620 1041 3685; x_wconf 76' lang='lat' dir='ltr'><strong>Sallustium</strong></span> <span class='ocrx_word' id='word_1_130' title='bbox 1063 3622 1176 3705; x_wconf 82' lang='lat' dir='ltr'><strong>ipsum</strong></span> <span class='ocrx_word' id='word_1_131' title='bbox 1198 3621 1330 3704; x_wconf 79' lang='lat' dir='ltr'><strong>ingania</strong></span> 
     </span>
     <span class='ocr_line' id='line_1_22' title="bbox 228 3718 1330 3803; baseline 0.003 -20"><span class='ocrx_word' id='word_1_132' title='bbox 228 3718 332 3785; x_wconf 88' lang='lat' dir='ltr'><strong>suissc</strong></span> <span class='ocrx_word' id='word_1_133' title='bbox 356 3722 436 3801; x_wconf 87' lang='lat' dir='ltr'><strong>acri,</strong></span> <span class='ocrx_word' id='word_1_134' title='bbox 459 3726 493 3785; x_wconf 91' lang='lat' dir='ltr'><strong>et</strong></span> <span class='ocrx_word' id='word_1_135' title='bbox 517 3723 553 3786; x_wconf 92' lang='lat' dir='ltr'><strong>in</strong></span> <span class='ocrx_word' id='word_1_136' title='bbox 572 3722 691 3787; x_wconf 88' lang='lat' dir='ltr'><strong>studiis</strong></span> <span class='ocrx_word' id='word_1_137' title='bbox 713 3722 881 3787; x_wconf 86' lang='lat' dir='ltr'><strong>literarum</strong></span> <span class='ocrx_word' id='word_1_138' title='bbox 903 3728 1069 3803; x_wconf 85' lang='lat' dir='ltr'><strong>accurato,</strong></span> <span class='ocrx_word' id='word_1_139' title='bbox 1092 3727 1163 3789; x_wconf 87' lang='lat' dir='ltr'><strong>tum</strong></span> <span class='ocrx_word' id='word_1_140' title='bbox 1185 3724 1330 3787; x_wconf 86' lang='lat' dir='ltr'><strong>maxima</strong></span> 
     </span>
     <span class='ocr_line' id='line_1_23' title="bbox 228 3822 1331 3908; baseline 0.003 -22"><span class='ocrx_word' id='word_1_141' title='bbox 228 3822 460 3889; x_wconf 88' lang='lat' dir='ltr'><strong>inscribenda</strong></span> <span class='ocrx_word' id='word_1_142' title='bbox 487 3822 652 3890; x_wconf 88' lang='lat' dir='ltr'><strong>Historia.</strong></span> <span class='ocrx_word' id='word_1_143' title='bbox 719 3824 968 3908; x_wconf 79' lang='lat' dir='ltr'><strong>Praeceptoram</strong></span> <span class='ocrx_word' id='word_1_144' title='bbox 993 3825 1110 3890; x_wconf 80' lang='lat' dir='ltr'><strong>habuit</strong></span> <span class='ocrx_word' id='word_1_145' title='bbox 1137 3826 1220 3890; x_wconf 85' lang='lat' dir='ltr'><strong>inter</strong></span> <span class='ocrx_word' id='word_1_146' title='bbox 1246 3826 1331 3889; x_wconf 85' lang='lat' dir='ltr'><strong>alius</strong></span> 
     </span>
     <span class='ocr_line' id='line_1_24' title="bbox 228 3922 1330 4013; baseline 0.003 -25"><span class='ocrx_word' id='word_1_147' title='bbox 228 3922 363 3991; x_wconf 79' lang='lat' dir='ltr'><strong>Ateium</strong></span> <span class='ocrx_word' id='word_1_148' title='bbox 379 3924 629 4006; x_wconf 79' lang='lat' dir='ltr'><strong>Praetextatum,</strong></span> <span class='ocrx_word' id='word_1_149' title='bbox 653 3928 711 4011; x_wconf 91' lang='lat' dir='ltr'><strong>qui</strong></span> <span class='ocrx_word' id='word_1_150' title='bbox 734 3926 946 4009; x_wconf 78' lang='lat' dir='ltr'><strong>Philologum</strong></span> <span class='ocrx_word' id='word_1_151' title='bbox 959 3946 995 3992; x_wconf 84' lang='lat' dir='ltr'><strong>se</strong></span> <span class='ocrx_word' id='word_1_152' title='bbox 1018 3928 1209 4013; x_wconf 83' lang='lat' dir='ltr'><strong>appellavit,</strong></span> <span class='ocrx_word' id='word_1_153' title='bbox 1230 3932 1265 3991; x_wconf 88' lang='lat' dir='ltr'><strong>ct</strong></span> <span class='ocrx_word' id='word_1_154' title='bbox 1285 3926 1330 3992; x_wconf 86' lang='lat' dir='ltr'><strong>ab</strong></span> 
     </span>
     <span class='ocr_line' id='line_1_25' title="bbox 229 4028 1331 4109; baseline 0.003 -19"><span class='ocrx_word' id='word_1_155' title='bbox 229 4046 270 4091; x_wconf 88' lang='lat' dir='ltr'><strong>eo</strong></span> <span class='ocrx_word' id='word_1_156' title='bbox 293 4028 432 4094; x_wconf 86' lang='lat' dir='ltr'><strong>edoctus</strong></span> <span class='ocrx_word' id='word_1_157' title='bbox 456 4034 508 4095; x_wconf 88' lang='lat' dir='ltr'><strong>cst</strong></span> <span class='ocrx_word' id='word_1_158' title='bbox 531 4030 721 4095; x_wconf 77' lang='lat' dir='ltr'><strong>duratione</strong></span> <span class='ocrx_word' id='word_1_159' title='bbox 744 4034 834 4095; x_wconf 80' lang='lat' dir='ltr'><strong>recta</strong></span> <span class='ocrx_word' id='word_1_160' title='bbox 857 4029 1034 4109; x_wconf 86' lang='lat' dir='ltr'><strong>scribendi,</strong></span> <span class='ocrx_word' id='word_1_161' title='bbox 1066 4035 1103 4095; x_wconf 90' lang='lat' dir='ltr'><strong>ut</strong></span> <span class='ocrx_word' id='word_1_162' title='bbox 1125 4049 1148 4095; x_wconf 90' lang='lat' dir='ltr'><strong>a</strong></span> <span class='ocrx_word' id='word_1_163' title='bbox 1172 4028 1331 4095; x_wconf 82' lang='lat' dir='ltr'><strong>Suetonio</strong></span> 
     </span>
     <span class='ocr_line' id='line_1_26' title="bbox 229 4124 1330 4221; baseline 0.003 -27"><span class='ocrx_word' id='word_1_164' title='bbox 229 4124 426 4215; x_wconf 84' lang='lat' dir='ltr'><strong>Tranquillo</strong></span> <span class='ocrx_word' id='word_1_165' title='bbox 438 4132 587 4212; x_wconf 85' lang='lat' dir='ltr'><strong>traditur,</strong></span> <span class='ocrx_word' id='word_1_166' title='bbox 604 4134 661 4221; x_wconf 89' lang='lat' dir='ltr'><strong>qui</strong></span> <span class='ocrx_word' id='word_1_167' title='bbox 676 4140 709 4199; x_wconf 80' lang='lat' dir='ltr'><strong>st</strong></span> <span class='ocrx_word' id='word_1_168' title='bbox 721 4131 876 4198; x_wconf 87' lang='lat' dir='ltr'><strong>Asinium</strong></span> <span class='ocrx_word' id='word_1_169' title='bbox 898 4152 1029 4217; x_wconf 85' lang='lat' dir='ltr'><strong>quoquc</strong></span> <span class='ocrx_word' id='word_1_170' title='bbox 1050 4132 1238 4198; x_wconf 75' lang='lat' dir='ltr'><strong>Pollionem</strong></span> <span class='ocrx_word' id='word_1_171' title='bbox 1249 4131 1330 4197; x_wconf 89' lang='lat' dir='ltr'><strong>scri·</strong></span> 
     </span>
    </p>
   </div>
   <div class='ocr_carea' id='block_1_8' title="bbox 0 0 1555 4884">
    <p class='ocr_par' dir='ltr' id='par_1_8' title="bbox 0 0 1555 4884">
     <span class='ocr_line' id='line_1_27' title="bbox 0 0 1555 4884; baseline 0 0"><span class='ocrx_word' id='word_1_172' title='bbox 0 0 1555 4884; x_wconf 95' lang='lat' dir='ltr'><strong> </strong></span> 
     </span>
    </p>
   </div>
  </div>
 </body>
</html>
