3092 4884
661 358 869 408 runcano.
1296 346 1317 409 7

209 500 342 579 invidit,
353 500 383 565 si
398 501 481 584 quid
494 500 529 567 in
542 500 606 565 hoc
621 502 717 585 quasi
727 500 892 584 praeludio
900 502 1163 585 peccaverimus,
1176 501 1316 580 aliorum

210 604 268 688 qui
297 604 386 669 idem
414 604 591 668 decurrunt
616 603 760 669 stadium
783 604 955 687 diligentia
980 604 1152 671 sarcietur.
1205 602 1317 668 Multa

210 708 351 773 dicenda
374 712 596 791 superessent,
610 712 648 770 ut
669 707 871 791 quibusdam
889 706 1091 784 homiuibus,
1108 720 1194 793 quos
1211 707 1317 796 ¹nomi-

209 830 290 875 nare
300 810 386 873 nihil
399 810 526 887 attinet,
542 814 689 873 nontam
705 808 983 901 satisfaceremus,
1000 808 1089 892 quod
1109 826 1206 872 nemo
1220 815 1317 874 natus

210 912 336 989 lecerit,
352 930 452 995 quam
466 910 756 995 responderemus:
780 915 826 988 at,
842 911 984 994 quietem
998 916 1139 974 nostram
1155 912 1213 995 qui
1237 912 1318 977 nihil

212 1016 437 1091 turbaverunt,
458 1014 524 1078 illis
545 1013 650 1079 multo
671 1013 790 1077 melius
812 1015 872 1078 erit
896 1014 1044 1099 quietam
1065 1020 1203 1079 mentem
1228 1017 1318 1079 bona

209 1136 309 1201 prece
325 1116 509 1200 deprecari.
555 1102 877 1201 Quomodocumque
893 1121 1002 1182 errata
1022 1120 1133 1181 nostra
1152 1117 1317 1201 patefece-

209 1220 287 1296 rint,
302 1219 365 1283 nisi
380 1218 461 1283 sorte
476 1218 575 1282 etiam
589 1218 668 1295 illis,
685 1216 774 1307 apud
797 1217 944 1303 Superos
964 1238 1097 1301 semper
1111 1237 1316 1284 commoran-

210 1321 311 1399 tibus,
327 1320 493 1405 indignum
508 1319 671 1384 uidebitur
685 1318 727 1383 ad
742 1324 810 1383 tam
822 1321 902 1386 vilia
917 1340 992 1385 sese
1007 1321 1186 1401 demittere,
1200 1322 1316 1385 luben-

210 1422 341 1487 tissimo
362 1422 471 1498 auimo
496 1422 708 1509 corrigemus
754 1420 807 1487 Tu
828 1422 943 1502 modo,
956 1424 992 1488 id
1006 1424 1104 1513 quod*
1114 1444 1169 1488 res
1181 1430 1244 1501 cst,
1260 1443 1316 1487 co-

210 1525 291 1607 gita,
317 1503 455 1589 candide
479 1524 613 1603 Lector,
637 1543 700 1588 nos
723 1526 873 1590 maximo
897 1525 1008 1591 studio
1033 1527 1143 1592 enisos
1171 1546 1256 1602 esse,
1280 1532 1316 1591 ut

211 1630 381 1691 auctorem
394 1632 538 1691 nostrum
554 1626 587 1688 in
603 1624 756 1708 perfacili
771 1618 956 1709 cognitione
971 1647 1179 1711 poneremus.
1224 1627 1315 1692 Hinc

208 1726 297 1806 inde,
312 1728 605 1803 indiscriminatim,
626 1747 848 1813 quaecumque
866 1730 909 1794 ad
931 1730 1018 1795 hunc
1035 1750 1173 1815 scopum
1195 1730 1316 1794 ducere

211 1830 420 1908 credidimus,
436 1820 543 1895 securi
558 1831 802 1896 desumsimus:
825 1852 930 1917 neque
952 1853 993 1897 eo
1013 1834 1184 1897 minimum
1204 1835 1316 1918 cujus-

210 1952 311 2017 quam
334 1932 513 2016 Scriptoris
532 1933 625 1998 laudi
644 1934 802 2017 gloriaeve
823 1934 1003 2001 detractum
1024 1935 1199 2013 voluimus,
1214 1936 1315 2020 quod,

208 2034 331 2101 utenda
345 2056 421 2120 quen
437 2036 486 2101 illi
499 2037 532 2101 in
546 2038 654 2102 lucem
669 2032 853 2116 ediderunt,
868 2058 909 2103 ea
921 2057 984 2103 nos
998 2058 1042 2102 ex
1056 2038 1186 2102 illorum
1200 2038 1315 2120 benig-

207 2138 311 2202 nitate
334 2137 549 2211 hauserimus.
593 2137 649 2203 Ita
673 2158 753 2204 vero
776 2158 873 2223 agere
895 2141 1000 2205 satius
1022 2141 1092 2205 sore
1115 2141 1235 2222 visum,
1251 2146 1313 2217 est,

206 2257 324 2325 quam,
340 2245 377 2305 ut
390 2238 448 2305 alii
467 2240 668 2317 factitarunt,
684 2234 816 2323 singula
829 2243 901 2306 suis
915 2244 1107 2307 auctoribus
1128 2236 1313 2307 attribuere.

206 2340 312 2419 Nam,
328 2347 365 2406 ut
376 2347 505 2407 taceam
520 2341 608 2425 quod
627 2342 772 2427 prolixae
794 2349 846 2407 est
864 2344 953 2409 istud
975 2346 1174 2432 quandoque
1187 2346 1313 2429 disqui-

207 2443 348 2520 sitionis
363 2442 496 2521 nullius,
513 2449 572 2509 unt
586 2451 673 2509 certe
687 2445 835 2511 minimae
848 2447 1019 2528 utilitatis3
1045 2468 1184 2532 pronum
1196 2454 1258 2525 est,
1273 2465 1314 2513 ea

206 2548 391 2630 diligentia,
414 2548 555 2627 ineam,
578 2568 680 2632 quam
701 2551 848 2615 maxime
864 2550 1032 2631 vitaveris,
1054 2552 1200 2618 incidere
1224 2546 1312 2616 vitu·

207 2652 427 2736 perationem:
449 2653 576 2735 quippe
589 2672 687 2736 quem
700 2653 815 2717 statim
829 2652 984 2719 malevoli
998 2654 1101 2720 furem
1122 2654 1313 2739 appellave-

207 2754 283 2832 rint,
302 2754 333 2817 si
348 2754 441 2839 quid,
455 2754 544 2839 quod
566 2761 634 2821 tute
652 2756 734 2821 bene
757 2758 978 2834 armotaveris,
992 2756 1063 2836 alii,
1080 2776 1165 2842 qnos
1177 2756 1313 2840 quidem

205 2870 377 2941 nunquam
403 2856 537 2935 videris,
559 2862 637 2923 ante
662 2864 695 2922 te
721 2858 978 2923 observaverint.
1027 2857 1245 2923 Tentavimus
1268 2858 1313 2921 si·

206 2958 342 3043 quidem
357 2978 400 3023 ex
420 2962 555 3043 proprio
575 2979 679 3025 censu
698 2959 856 3023 nonnulla
874 2960 937 3025 tibi
955 2980 1079 3038 eruere,
1095 2960 1230 3040 Iaector3
1253 2976 1314 3023 ex·

208 3061 285 3127 iude
299 3068 409 3126 tamen
424 3061 555 3127 leudem
570 3064 691 3129 nullam
705 3082 924 3146 aucupamur.
969 3062 1111 3143 Minima
1125 3068 1212 3140 suut,
1224 3080 1313 3144 quae,

207 3170 244 3231 tu
257 3164 333 3243 nisi,
348 3181 409 3247 pro
423 3170 482 3229 tua
496 3165 667 3249 aequitate,
683 3184 725 3229 ex
746 3166 835 3229 bona
856 3170 970 3229 nostra
988 3164 1158 3228 voluntate
1178 3163 1313 3230 metitus

206 3266 320 3345 tueris,
343 3266 404 3331 vix
428 3267 548 3331 tantilli
571 3285 646 3332 esse
670 3268 766 3351 pretii
793 3266 996 3332 confitemur.
1043 3265 1198 3330 Fructum
1220 3282 1312 3341 vero,

207 3388 427 3453 magnamque
449 3370 574 3435 laboris
602 3370 704 3433 nostri
731 3368 927 3445 mercedem,
949 3370 1007 3452 qui
1032 3387 1094 3432 nos
1117 3366 1312 3443 stimulavit,

206 3472 371 3549 audeam,
386 3470 612 3537 benefaciendi
635 3470 793 3547 studium,
806 3471 903 3535 nobis
921 3470 1104 3535 duximus:
1125 3474 1165 3535 ut
1181 3468 1266 3553 jam,
1282 3468 1314 3532 si

206 3570 290 3656 quid
310 3572 353 3637 ad
370 3577 404 3637 to
426 3574 599 3657 perveniat
620 3570 820 3657 compendii,
843 3572 1008 3658 voluptati
1029 3577 1153 3638 nonnae
1174 3568 1314 3635 accedat

206 3675 370 3741 cumulus.
415 3676 483 3742 Diu
498 3694 578 3741 vero
591 3675 799 3760 multamque
812 3675 898 3741 vale.
