3092 4884
362 392 410 441 na
426 384 635 445 sanuusmo
657 394 812 445 ιυιιιοιι
836 396 883 445 ιι
904 396 1150 449 ιιιειιιιοιιιι.
1264 383 1310 449 99

472 537 565 603 Acro
579 538 623 605 ad
634 538 754 605 Horat.
770 539 876 605 serm.
892 558 918 607 1.
933 542 964 607 2.
980 543 1036 607 41.

249 654 311 723 Ille
321 652 465 741 flagellis
489 653 544 717 Ad
566 666 692 719 mortem
708 658 812 739 cusas]
834 658 916 723 Hoc
939 659 981 724 de
995 661 1157 727 Sallustio
1179 663 1306 729 videtur

204 762 329 827 dicere.
374 756 550 821 Sallustius
574 760 662 823 euim
684 758 824 844 Crispus
847 762 882 824 in
909 761 1057 840 Faustae,
1082 764 1163 829 filie
1189 765 1306 843 Sullae,

205 858 369 933 adulterio
382 858 602 942 deprehensus
612 860 655 923 ab
666 857 780 925 Annio
792 860 931 938 Milone,
949 862 1088 946 flagellis
1108 885 1182 930 esse
1196 886 1306 932 caesus

204 964 347 1031 dicitur:
369 958 460 1043 quod
475 957 644 1025 Asconius
658 960 852 1026 Pedianus
842 982 877 1025 ιιι
890 960 1017 1027 Vita
987 982 1060 1049 ejas
1073 966 1247 1113 siguificat.

251 1060 371 1127 Eadem
385 1058 463 1147 fere
479 1056 670 1147 Porphyris)

531 1232 667 1298 Servius
683 1231 725 1297 ad
742 1232 821 1297 AEn.
838 1248 888 1296 vr.
903 1233 981 1299 612.

251 1368 290 1433 Si
304 1386 338 1433 re
358 1386 437 1433 vera
450 1369 552 1447 casn
575 1366 751 1445 Salustius,
767 1386 869 1450 quam
886 1366 972 1431 Milo
993 1366 1229 1451 deprehensum
1243 1371 1306 1436 sab

208 1468 423 1537 servihabitu
438 1467 625 1533 verberavit
641 1469 675 1531 in
701 1466 861 1533 adulterio
876 1488 948 1533 suae
962 1469 1089 1549 uxoris,
1104 1490 1181 1555 quae
1203 1471 1310 1539 morat

208 1570 326 1637 Fausti
338 1570 440 1655 Syllae
456 1570 537 1635 tilia.

569 1702 739 1771 Asconius
763 1703 945 1769 Pedianus.
1298 1781 1301 1787 ¹

252 1822 371 1889 Fertur
385 1822 565 1889 Sallustius
584 1826 678 1888 unio
701 1822 817 1887 ardore
839 1822 1042 1887 insanivisse
1063 1825 1099 1888 in
1123 1824 1309 1903 libertinae,

208 1929 332 2008 quanto
356 1924 509 1989 moechus
530 1925 566 1988 in
589 1930 777 1989 matronas:
805 1924 897 2005 quod
919 1942 996 1989 cum
1022 1924 1074 1988 illi
1094 1925 1129 1988 in
1145 1924 1269 1989 Semta
1287 1944 1310 1989 ιι

208 2025 404 2091 censoribus
429 2025 593 2109 objectum
619 2032 718 2103 esset,
742 2024 925 2108 respondit,
941 2044 978 2089 se
991 2043 1059 2089 non
1082 2030 1307 2093 matronarum

164 2197 168 2203 ,
209 2131 406 2192 sectatorem
434 2146 525 2205 ess03
555 2144 657 2209 quare
680 2144 725 2191 ex
746 2134 863 2191 senaar
880 2126 1005 2210 ejectas
1031 2132 1096 2205 est,
1119 2126 1212 2209 quod
1236 2127 1310 2210 ipae

208 2230 351 2295 excusat
363 2224 399 2289 in
414 2224 565 2291 Catilium
580 2226 677 2291 hello.

254 2323 331 2391 Hac
345 2336 431 2390 uetus
444 2323 599 2409 laterum
615 2324 758 2405 Horatii,
772 2324 816 2389 ad
826 2324 928 2391 Sami.
944 2344 970 2393 1.
984 2329 1019 2394 2.
1032 2326 1088 2392 ⁴8.

253 2492 349 2560 Idem
362 2498 397 2561 in
407 2495 543 2577 Argum.
561 2498 679 2563 Milon.
693 2519 729 2582 p.
743 2500 821 2564 779.
836 2503 869 2562 et
882 2497 962 2563 ibid.
978 2498 1022 2563 ad
1035 2519 1066 2563 c·
1083 2513 1133 2569 lu.
1147 2518 1182 2582 p.
1196 2498 1272 2564 812.

253 2612 447 2681 Sallustium
469 2617 572 2681 luisse
593 2616 776 2683 Tribunum
798 2617 919 2702 plebis,
939 2636 1006 2700 quo
1024 2636 1109 2681 anno
1133 2614 1195 2680 Cn.
1210 2615 1312 2682 Pom·

208 2716 307 2800 peius
326 2718 417 2782 solus
445 2717 569 2783 Consul
592 2723 671 2796 erut,
697 2717 849 2783 ostendit.
893 2717 992 2781 Unde
1015 2716 1152 2799 colligas
1180 2716 1311 2800 iugenio

208 2818 312 2884 fuisse
336 2820 529 2886 Tribunicio
550 2826 583 2885 et
609 2820 805 2886 turbulento.
849 2819 1007 2885 Notanda
1028 2820 1083 2883 hic
1109 2823 1186 2883 suut
1207 2818 1311 2883 Tullii

209 2922 331 2986 verba:
355 2926 365 2955 ‘
383 2922 505 2986 Divisa
515 2922 675 2986 sententia
689 2928 749 2999 est,
765 2922 951 3005 postulante
963 2922 1170 3003 nescioquo.
1217 2917 1312 2985 Nihil
1385 3000 1393 3013 „

210 3024 298 3087 euim
312 3042 447 3086 necesse
461 3030 512 3088 est
534 3025 680 3088 omnium
703 3042 754 3086 me
769 3023 894 3105 flagitia
909 3022 1063 3106 proferre.
1107 3021 1165 3086 Sic
1181 3019 1311 3103 reliqua

210 3124 392 3189 auctoritas
405 3124 548 3189 Senatus
562 3132 650 3189 emta
663 3124 900 3189 intercessione
912 3126 1044 3190 sublata
1057 3126 1128 3190 est!

256 3220 375 3307 Nempe
401 3246 457 3308 per
485 3222 668 3287 Munatium
693 3235 724 3289 et
755 3223 954 3301 Sallustium,
979 3227 1113 3292 mercede
1143 3240 1312 3315 complu.

216 3322 281 3395 Qut
296 3324 397 3389 diuidi
408 3326 532 3409 portata
537 3337 598 3403 rt
615 3324 641 3388 ir
662 3334 729 3388 erat
753 3322 794 3391 Q
815 3325 927 3407 iustus.
975 3322 1047 3390 Via.
1065 3328 1216 3394 Asconius
1234 3330 1312 3397 ibid

211 3428 333 3495 etiae.
346 3444 442 3493 xva.
452 3448 488 3511 p.
499 3426 602 3495 861.
589 3442 751 3538 tantvm.
764 3448 796 3509 ρ.
811 3426 916 3491 86ι.Ι
904 3445 1048 3493 mxxv.
1058 3451 1093 3514 p.
1108 3431 1185 3497 897.

502 3595 627 3659 Seneca
638 3594 764 3659 Rhetor
780 3594 877 3659 Deci.
891 3594 950 3659 lib.
967 3612 1024 3659 ιιι.

162 3720 168 3733 ”
257 3709 445 3777 Orationes¹
462 3711 612 3777 Sallustii
626 3712 828 3777 inhonorem
842 3712 1066 3779 Historiarum
1079 3715 1239 3798 legantur.

461 3878 533 3943 Seu
546 3896 588 3943 ca
603 3878 830 3962 Philosophus
846 3878 953 3961 Epist.
969 3896 1069 3943 cxlv.

258 3992 417 4061 Sallustio
433 4000 570 4079 vigente,
591 4004 768 4080 amputate
790 3998 974 4073 sententiae,
987 4001 1022 4061 et
1043 3997 1145 4061 verba
1164 4002 1242 4062 aute
1255 4018 1315 4064 ex·

213 4100 383 4179 pecuum
414 4098 566 4163 cadentia
588 4106 626 4175 ‚et
654 4100 798 4161 obscura
828 4097 976 4161 brevitas
1003 4096 1093 4161 fuere
1122 4116 1183 4180 pro
1212 4098 1314 4167 cultu.

213 4246 228 4295 1
242 4244 325 4297 Quasi
333 4243 471 4311 dicat,uon
482 4246 618 4298 admodum
629 4246 744 4311 probari.
759 4246 822 4298 vid.
829 4245 961 4299 Corradus
968 4246 996 4297 in
1004 4246 1145 4299 Quantam
1156 4244 1212 4297 Cic.
1219 4260 1248 4313 p.
1257 4247 1315 4298 lar.
