3092 4884
241 393 308 462 214
591 419 623 469 c.
646 417 768 470 cnrsrr
791 419 990 472 annuusru

243 568 460 636 ostentando²
491 566 632 652 praemio
660 563 854 634 somniet*
875 568 1092 633 communire²
1115 571 1206 634 'suos
1230 567 1337 644 locos,

242 690 342 749 arma,
368 671 446 748 tela,
469 670 564 747 alin,⁴
594 686 672 752 qnae
702 687 762 751 spe
790 670 886 752 pacis
914 671 1079 748 amiserat,
1107 671 1251 748 relicere,
1280 675 1339 733 ant

241 774 471 840 commercari:
494 771 629 835 servitia
653 767 881 835 Romanorum
911 771 1065 851 allicere}
1086 777 1119 836 et
1143 791 1203 836 eos
1231 773 1340 855 ipsos,

240 877 300 961 qni
321 865 355 939 in
373 874 559 958 praesidiis⁵
580 878 683 950 eram,
705 873 848 956 pecunia
871 879 1015 940 tentore:
1037 871 1174 958 prorsus
1196 874 1275 938 nihil
1290 873 1341 936 in·'

239 984 375 1055 tactum,
410 994 518 1059 nequo
549 973 696 1058 quietum
731 974 822 1056 poti:
867 979 990 1038 cuncta
1034 975 1170 1058 agitare.
1234 973 1340 1057 Igitur

239 1079 425 1163 Vagenses,
454 1094 522 1160 quo
564 1074 720 1141 Metellus
757 1074 880 1154 initio,⁶
915 1075 1076 1159 Jugurthu
1112 1077 1341 1160 pacificanto,.'

153 1181 187 1228 -⁰
238 1181 430 1268 praesidinm
445 1180 659 1263 imposuerat,
669 1177 800 1260 fatigati
813 1179 899 1261 regis
920 1179 1108 1262 suppliciis,
1122 1197 1228 1263 neque
1241 1183 1341 1244 antea

240 1282 429 1349 volontate‘¹
450 1281 596 1357 alienati,
622 1280 793 1364 principes
820 1280 963 1344 civitatis
985 1281 1067 1344 inter
1089 1301 1125 1344 sc
1147 1279 1339 1364 conjurant:

238 1405 316 1453 nam
330 1385 458 1468 vulgus,
474 1385 523 1449 nti
538 1382 729 1466 plerumque
753 1382 872 1459 solet,⁷
893 1388 925 1446 et
946 1383 1092 1447 maxime
1107 1381 1339 1460 Numidam,

238 1487 368 1569 ingenio
392 1483 518 1560 mobili,
544 1481 735 1546 seditiosum
764 1489 863 1566 atque
891 1482 1150 1549 discordiosum‘
1170 1491 1250 1563 ciat,
1279 1505 1341 1550 ou-

197 1655 201 1662 ,
239 1586 354 1671 pidum
369 1603 528 1650 novarum
540 1602 659 1662 rerum,
678 1582 783 1666 quieti
797 1589 831 1647 et
845 1583 914 1648 otio
929 1583 1125 1651 adversum:
1148 1585 1233 1664 dein,
1249 1607 1340 1652 com·

237 1689 354 1773 positis
375 1688 459 1750 inter
484 1705 520 1750 se
534 1686 643 1764 rebus,
658 1684 747 1749 diem
767 1687 898 1750 tertium
913 1689 1114 1753 constituunt
1126 1683 1171 1768 3¹⁸
1193 1687 1283 1773 quod
1307 1691 1340 1754 is

235 1790 342 1854 tectus
350 1789 596 1878 celebratusque
609 1805 669 1869 per
682 1805 812 1850 omnem
827 1785 977 1852 Africam
990 1788 1103 1853 luduin
1120 1796 1152 1854 et
1165 1791 1338 1856 lasciviam

238 1890 356 1974 magis,
379 1907 481 1973 qnam
505 1885 711 1952 formidinem
734 1889 928 1953 ostentabat.
972 1889 1038 1954 Sed
1053 1893 1110 1956 ubi
1125 1891 1337 1976 tempusfuit,

238 1994 444 2056 centuriones
478 1991 690 2073 tribunosque
733 1991 904 2069 militenen,
937 1997 970 2057 et
1006 1993 1116 2078 ipsum
1143 1995 1338 2079 preelectum

238 2093 354 2178 oppidi
382 2090 424 2157 T.
453 2088 644 2174 'turpilium
673 2091 832 2169 Silanum,
871 2095 956 2159 alius
990 2095 1090 2160 alium
1116 2096 1231 2161 domos
1258 2115 1338 2160 suas

237 2194 392 2258 invitante
421 2199 504 2255 ⁹eos
546 2208 671 2268 omncs,
713 2199 836 2274 praeter
876 2193 1072 2278 Turpilium,
1104 2198 1190 2261 inter
1216 2199 1335 2281 epulas

235 2297 453 2362 obtruncant:
474 2299 593 2376 postea
611 2293 732 2358 milites
744 2296 907 2378 palantes,
925 2296 1106 2376 inermos,¹⁰
1128 2301 1277 2384 quippe¹¹
1300 2301 1336 2364 in

235 2398 307 2462 tali⁸
320 2373 451 2461 die¹²'cc
466 2397 537 2460 sino
551 2395 703 2477 imperio,
716 2397 958 2479 aggrediuntur.
1003 2398 1094 2464 Idem
1111 2401 1226 2484 plebes
1239 2402 1333 2482 lacit,

234 2517 315 2582 pars
343 2497 451 2562 edocti
475 2497 519 2561 ab
541 2496 724 2574 nobilitate,
753 2498 812 2562 alii
835 2497 962 2565 studio¹¹
984 2501 1098 2566 talium
1120 2523 1228 2568 rerum
1251 2505 1335 2569 inci-

266 2683 429 2737 »cmm
446 2685 548 2749 recipere
561 2683 702 2751 formidine,
719 2689 762 2736 ortt
778 2689 919 2738 sermondo
933 2689 1043 2752 promia,
1062 2691 1172 2742 civitaten
1190 2705 1243 2756 quo
1261 2690 1291 2740 ob
1308 2705 1334 2740 re

266 2879 673 2944 'morguam-usum.

695 3039 874 3061 ”momen

232 3139 466 3203 inst-dolioque
483 3135 663 3187 noiomi«
680 3136 853 3188 ousian-o
869 3140 1329 3202 muron.N.-otnintton.n'.

231 3211 281 3256 -7
291 3206 349 3256 niet
359 3203 420 3271 fieri
436 3204 465 3253 F.
479 3203 564 3253 H.—o
579 3201 724 3252 meam
739 3201 926 3263 interfectionem
937 3203 1017 3256 A.-o
1027 3210 1051 3254 et
1061 3219 1100 3256 eor
1111 3208 1207 3257 B.—l⁰
1223 3207 1332 3270 [imnis

232 3271 304 3322 Edit.
320 3269 446 3333 flavore]
457 3268 558 3320 imno·
567 3267 598 3317 L.
608 3265 651 3330 qul
663 3267 849 3331 optimus-ll
860 3273 886 3318 ut
896 3268 922 3318 in
938 3269 1038 3321 N.-12
1045 3270 1097 3321 rino
1107 3275 1171 3321 meta
1180 3287 1236 3322 aer.
1245 3274 1264 3326 i.

725 3365 836 3418 NOTAE

263 3495 434 3560 ‘VolntoteJ
487 3496 557 3546 (loll.
578 3495 760 3546 d'lncliutin.
833 3497 958 3566 bosco]
998 3501 1068 3567 out·
1085 3503 1228 3554 cademot
1248 3511 1329 3554 moto·

231 3573 314 3627 iuviti
324 3573 434 3625 Metello
448 3573 584 3637 parebunt.
801 3575 883 3625 tiones
905 3577 1034 3630 ornabant.
1083 3579 1205 3628 Cetemm
1222 3593 1255 3628 ex
1277 3578 1327 3630 boc

262 3648 472 3713 ‘Discordiam
504 3649 563 3699 Vox
579 3649 702 3699 Sallustio
716 3664 760 3714 pe·
799 3649 970 3703 loeovideant
983 3653 1080 3705 Rerum
1098 3654 1257 3719 publicarum
1274 3671 1328 3706 mc·

229 3729 343 3791 abaris,
361 3728 410 3777 niel
428 3726 497 3778 forte
515 3741 549 3777 ex
567 3727 698 3777 veteribus
714 3728 760 3778 dc·
799 3725 940 3792 dontores,
969 3731 1068 3796 quanti,
1095 3730 1223 3794 Sapientis
1258 3731 1326 3782 illins

229 3811 373 3857 mmtoest.
799 3805 929 3854 sententia
940 3807 1092 3856 nstlmrnda
1109 3805 1154 3868 sit,
1170 3806 1214 3871 qui
1232 3807 1327 3871 priuci-

262 3879 446 3944 'cautim
477 3879 547 3932 (lull.
565 3882 759 3948 lbmqtm
799 3877 848 3942 piis
868 3878 1019 3930 obstandum
1034 3893 1090 3930 esso
1105 3881 1195 3932 voluit.
1227 3880 1327 3932 Princi-

228 3959 251 4010 le
263 3959 323 4021 jur
342 3961 372 4008 de
389 3955 544 4008 Palation.
576 3959 656 4009 Diem
679 3959 758 4022 mrig-
798 3954 849 4017 piis
858 3961 886 4005 et
897 3955 1062 4020 Principibus
1074 3957 1261 4008 occurrendum
1269 3963 1325 4018 ατς

229 4042 302 4096 nant,
313 4051 365 4101 qno
383 4033 554 4099 pmidiarios
568 4034 665 4084 milites
681 4034 758 4099 jugu-
798 4044 857 4080 nam
868 4038 1003 4096 postquem
1014 4034 1067 4083 late
1079 4041 1194 4098 grassata
1207 4040 1249 4083 ert
1258 4033 1326 4084 sedi·

227 4109 323 4163 tarent,
799 4107 845 4170 tio,
866 4105 961 4158 frustra
987 4107 1082 4160 furenti
1106 4109 1265 4159 multitudini
1292 4124 1325 4159 ea

261 4181 354 4251 ‘Ml
391 4186 451 4240 Quo
478 4197 507 4236 ro
530 4182 691 4250 jumnttntt
712 4184 758 4236 do·
797 4180 1002 4250 frausinjicln,
1019 4185 1219 4251 quibospancos
1232 4197 1324 4252 regere

227 4259 301 4313 bont.
797 4259 946 4311 nesciveris.
