3092 4884
15 530 33 592 r}

524 416 769 480 aasentias,
795 417 868 467 bra.
885 418 936 467 lll·
1215 408 1282 477 317

222 558 341 627 Scalas
352 578 450 645 pares
461 563 621 627 moenium
636 564 819 629 nltihrdine.
842 562 993 631 Arusiuu.

225 663 397 728 Dissidere
418 665 498 729 inter
519 684 555 729 se
577 685 719 750 coepere,
741 686 848 749 neque
861 668 895 731 in
908 666 1067 731 malliumb
1081 671 1277 739 consultare.

222 866 340 931 Multis
355 888 419 951 quo
434 869 682 952 suspicionibus
701 871 848 935 volentia
871 871 963 954 plebi
982 870 1126 936 factums
1140 872 1276 939 videbe

179 973 241 1033 lnr.
266 964 399 1047 Nouius,
423 970 609 1048 ‘volentia
626 990 703 1053 qum
719 971 817 1053 plebs
829 970 949 1037 uellet!

221 1070 472 1155 Suspectusqne
493 1072 571 1151 init,
600 1074 760 1138 incertum
788 1094 867 1140 vero
887 1094 931 1139 an
952 1095 1012 1159 per
1034 1076 1275 1160 negligentiam,

176 1173 366 1237 sociemtem
380 1171 569 1256 praedarum
584 1192 660 1239 oum
684 1174 864 1240 latronibus
888 1178 1132 1260 composuisse.
1173 1174 1275 1257 Idem,

177 1272 421 1358 ‘Componere
435 1274 655 1360 conjungere!

220 1374 390 1460 Collegnm
403 1379 570 1457 minorem,
585 1384 618 1441 et
632 1379 685 1441 sui
699 1380 857 1443 cultorem
870 1387 1061 1463 expectans
1086 1377 1237 1448 Araiai.

221 1475 335 1556 Quam
354 1478 511 1543 maximis
532 1479 704 1543 itineribus
721 1498 782 1562 per
799 1500 932 1563 regnum
947 1481 1185 1547 Ariobarzanis
1199 1502 1277 1549 cou-

175 1578 292 1658 tendit,
306 1580 350 1645 nd
364 1582 484 1645 flumen
495 1580 694 1666 Euphratem
703 1589 728 1660 3⁶
757 1602 825 1665 qua
835 1582 869 1645 in
883 1589 976 1667 parte
996 1582 1217 1667 Cappadocia
1230 1584 1275 1649 ab

174 1680 555 1768 Armeniatdisjungitur.
599 1683 643 1749 Et
655 1702 848 1767 quanquam
863 1684 907 1748 ad
921 1685 955 1749 id
966 1704 1069 1749 nares
1083 1684 1273 1751 codimriae‘*

174 1784 308 1851 occulto
323 1804 383 1868 per
409 1784 558 1869 hyemem
580 1784 749 1851 fabricatae
773 1784 917 1850 aderant.
942 1781 1025 1849 Nou.
1061 1784 1273 1853 ‘colimne

173 1906 285 1965 nares,
298 1904 376 1971 qum
390 1889 425 1951 in
437 1886 570 1951 tlumiue
580 1887 658 1950 usui
670 1898 747 1949 esse
759 1884 932 1967 possunt·’'

219 1987 289 2066 Qui
303 1988 649 2071 praeurgrediehunmr
669 1985 800 2070 equites
821 1986 1035 2071 cataphracti,
1057 1988 1172 2053 ferrea·
1184 1990 1274 2055 omni

173 2088 299 2173 specie.
323 2086 423 2151 Idem.

218 2188 304 2255 cnm
316 2190 454 2270 interim,
475 2191 607 2268 lumine,
623 2191 724 2256 etiarn
738 2196 807 2256 tum
820 2190 957 2269 incesto,
972 2190 1050 2255 dnm
1066 2189 1188 2257 Gallim
1202 2210 1273 2257 mu·

171 2292 271 2357 lieres
297 2299 493 2358 conventum
519 2294 661 2358 vitantes
687 2293 732 2358 ad
745 2289 923 2359 menstrua‘
944 2291 1106 2357 solvenda
1128 2298 1273 2360 montem

171 2394 364 2459 ascendunt.
388 2390 487 2457 Idem.
1221 2394 1222 2399 ’

218 2494 434 2579 Pluteosqne⁸
460 2494 616 2560 rescindit
633 2515 675 2561 ae
695 2486 892 2563 munitiones
920 2496 1104 2574 demolitur,
1132 2496 1273 2581 locoque

172 2616 303 2663 mmmo
315 2598 447 2679 potitur.
473 2594 572 2674 ldem,
595 2600 606 2631 ‘
621 2596 784 2662 Demoliri
799 2604 850 2677 est
864 2597 1011 2663 diruere!

115 2748 131 2758 .
209 2696 1104 2784 Exercitumdimisitntprimumhlpesdepessusest.
1121 2697 1273 2763 Annua

216 2800 423 2879 Tetrarchae,
437 2819 595 2884 regesque
608 2802 736 2865 territos
752 2802 851 2865 animi
865 2800 1018 2867 minavit.
1041 2798 1139 2864 Idem.

216 2902 323 2968 Simul
344 2922 414 2981 eos,
428 2910 462 2967 et
484 2908 622 2968 cunctos
639 2902 713 2987 jam
726 2902 901 2968 inclinatos
913 2902 1054 2967 laxitate
1067 2903 1145 2980 loci,
1160 2902 1272 2985 plures

173 3003 447 3169 goufflmgfflm
470 3023 595 3082 omnes,
610 3008 647 3067 ut
667 3006 703 3067 in
724 3003 871 3069 secunda
894 3022 931 3067 re
952 3004 1075 3086 pariter
1089 3020 1164 3068 acre
1177 3005 1272 3069 iuva·

216 3202 266 3269 Hi
279 3205 428 3269 locorum
442 3165 626 3288 perignari,
635 3208 669 3268 et
688 3204 778 3267 soliti
791 3210 919 3268 nectem
938 3224 982 3268 ex
996 3204 1175 3269 viminibus
1188 3224 1272 3271 vasa

170 3307 383 3391 agrestia,ibi
397 3310 479 3385 tnm,
494 3304 583 3389 quod
603 3304 720 3389 inopia
741 3310 906 3370 scutorum
927 3304 1043 3383 suerat,
1067 3304 1111 3370 ad
1132 3326 1206 3371 earn
1219 3326 1271 3373 ar·

666 3580 774 3634 NOTAE

202 3727 378 3793 brumas]
393 3727 658 3790 irland-mu.
739 3730 1059 3789 praesumerentur:
1073 3712 1270 3791 idqueprnlite,
1349 3738 1353 3747 ‘

202 3804 383 3870 tmen]
399 3805 544 3868 Fuphntu
554 3801 648 3854 lintius
658 3809 700 3853 est
739 3808 768 3851 ct
779 3801 860 3864 Lipsii
872 3802 1010 3862 sententia,
1024 3808 1051 3851 et
1062 3801 1196 3851 Plutarchi
1211 3814 1270 3850 aue·

170 3880 432 3932 Aalnnoblliuinrus.
561 3890 565 3899 ·
739 3878 846 3928 toritate
858 3876 1101 3928 Dorrucoufirmat.

201 3957 367 4019 ὒΰοᾶαήα]
387 3957 418 4006 ld
430 3966 478 4017 est,
490 3956 628 4005 secundnm
638 3956 699 4005 Fes-
771 3956 949 4019 spurcoque]
966 3952 1271 4002 Pluteinrrnhinaeerrnt

170 4034 375 4096 mantelia
384 4031 626 4090 mentuscae.
739 4029 850 4089 bellice,
866 4028 937 4079 conc
954 4028 1070 4089 intente,
1088 4040 1195 4091 qnorum
1209 4040 1270 4076 usur

202 4109 326 4172 Ῥιπκ]
350 4109 417 4173 Equi
433 4105 699 4171 enimelipriierreir
739 4107 809 4157 idern
821 4120 902 4171 propo
921 4106 964 4171 qui
982 4104 1167 4171 vinearum&
1182 4118 1269 4155 murm

168 4183 270 4235 tantan
277 4184 463 4235 muniuerunt.
741 4181 926 4235 amoliendas.

201 4258 359 4330 fumus]
385 4261 418 4313 ld
429 4267 479 4327 est,
494 4262 570 4313 Sam
581 4274 698 4325 quaqua·
