3092 4884
242 420 286 488 38
663 436 712 484 nn
735 434 944 487 ssnnusmo

246 580 517 675 peregrinamque
543 583 699 669 linguam,
727 602 786 667 per
810 584 1028 666 interpretem,
1058 580 1209 663 flagranti
1232 578 1346 645 studio

247 691 412 756 scrutatus
426 698 495 767 est3
518 687 599 771 quin
618 692 652 751 et
674 684 782 749 meria
806 690 1028 765 transgressus
1043 682 1175 760 dicitur,
1190 687 1228 746 ut
1238 680 1346 747 oculis

135 798 139 807 ⁴
247 793 319 857 suis
334 791 484 857 crederet
496 789 538 853 de
559 787 801 853 conditionibus
824 787 985 851 locorum.
1031 784 1163 850 Bellum
1174 784 1347 865 iugurthi-

247 914 336 972 num,
352 893 679 977 conjurationemque
700 887 867 966 Catilinae,
890 890 1140 973 compendioso,
1163 891 1197 951 et
1221 886 1265 950 ad
1287 904 1347 949 un-

247 1016 357 1081 guem,
373 1000 409 1059 ut
423 995 491 1059 dici
505 994 600 1071 solet,
617 994 780 1075 castigato
792 992 879 1076 stylo
894 993 1090 1075 complexus
1105 996 1167 1068 est,
1182 988 1241 1052 sed
1255 982 1347 1051 nullo

248 1098 407 1163 famosior
422 1116 523 1181 quam
541 1096 763 1161 Historiarum
777 1094 873 1171 libro,
886 1096 944 1176 qui
958 1094 1049 1159 aeuti
1064 1107 1196 1176 quoque
1210 1095 1345 1167 nostres,

248 1220 289 1265 ne
305 1205 429 1266 certum
443 1202 515 1286 ejus
535 1200 651 1263 sileam
665 1197 822 1275 dedecus,
845 1199 991 1261 amissus
1014 1205 1083 1262 est:
1104 1202 1250 1259 veterum
1273 1193 1348 1276 qui·

248 1304 323 1369 dem
337 1292 523 1369 testimonio
539 1302 690 1379 illustris,
700 1300 798 1385 apud
821 1316 883 1365 nos
905 1298 1066 1384 solojam
1088 1298 1218 1362 nomine
1233 1312 1347 1378 super-

250 1412 328 1471 stes.

295 1678 486 1755 Sallustius,
502 1698 608 1743 rerum
622 1574 1116 1743 Romaldardddetioreutissimus
1137 1675 1290 1757 scriptor,
1313 1676 1351 1736 ut

251 1780 358 1866 inquit
371 1780 520 1857 Tacitus,
529 1780 687 1877 ‘frequens
697 1784 749 1844 est
762 1779 798 1842 in
810 1779 966 1844 manibus
979 1796 1175 1861 puerorum3
1193 1775 1254 1839 sed
1267 1773 1349 1839 mihi

251 1884 360 1969 aptior
389 1882 518 1947 videtur
546 1881 821 1965 provectioribus.
875 1880 1089 1946 Inimitabilis
1115 1886 1168 1945 est
1195 1880 1231 1943 in
1259 1877 1350 1943 illius

252 1986 385 2069 scriptis
413 1984 540 2067 gratim
578 2004 654 2068 quae
689 1984 961 2067 quotiescumque
999 1984 1149 2066 repetita,
1184 1997 1351 2064 nunquam

253 2087 390 2153 taedium
405 2086 469 2164 sui,
486 2090 545 2150 aut
559 2086 746 2149 satietatem
761 2085 877 2151 lectori
889 2084 1035 2154 afferant.

672 2256 738 2337 Qu.
755 2256 944 2339 Estaugius.

299 2376 434 2443 Nemini
454 2376 592 2442 dubium
611 2383 663 2444 est
688 2378 886 2443 Sallustium
904 2378 1014 2462 plures
1026 2374 1236 2460 majoresque
1250 2374 1352 2441 histo·

254 2482 373 2546 riarum
389 2480 492 2545 libros
508 2481 691 2564 scripsisse,
707 2481 765 2564 qui
786 2481 907 2565 partim
932 2486 1118 2563 temporum
1132 2479 1263 2564 injuria,
1276 2498 1353 2563 par·

253 2585 313 2648 tim
328 2582 453 2647 invidia
466 2581 632 2647 hominum
649 2582 846 2668 jamdudum
863 2584 997 2668 periere.
1041 2580 1162 2665 Neque
1176 2580 1353 2645 absurdum

254 2689 306 2748 est
327 2683 402 2748 inde
417 2685 593 2767 suspicari,
617 2686 647 2748 si
671 2685 794 2749 bellum
816 2684 1060 2768 Jugurminum,
1076 2682 1167 2766 quod
1188 2682 1263 2765 ipse
1286 2700 1354 2747 nen

254 2786 349 2863 vidit,
364 2791 521 2851 ettamen
537 2786 698 2853 Romanis
725 2788 798 2853 suis
820 2788 868 2853 ita
881 2786 1051 2870 diligenter
1064 2785 1203 2861 notavit,
1219 2804 1261 2848 ea
1270 2802 1353 2868 quo·

256 2907 320 2970 que
334 2888 502 2953 memoriae
516 2888 706 2968 mandasse,
722 2909 798 2973 quae
816 2909 878 2954 suo
892 2894 1039 2972 tempore
1054 2887 1262 2971 potissimum
1277 2906 1354 2951 con·

257 2990 376 3071 ligere:
398 2989 676 3073 quemadmodum
690 2990 931 3055 contentionem
952 2992 1034 3054 inter
1052 2986 1198 3051 Marium
1214 2988 1355 3071 Syllam·

258 3108 323 3174 que
343 3097 461 3167 ortam,
488 3093 532 3155 ob
555 3090 678 3156 bellum
705 3090 986 3157 Mithridaticum:
1010 3091 1159 3167 Octavii,
1187 3090 1356 3174 Mariique

257 3210 387 3256 necem:
410 3190 561 3259 Africam
577 3192 730 3278 Pompeii
745 3191 861 3276 Magni
875 3194 1064 3258 victoriam:
1088 3194 1190 3277 Syllae
1211 3192 1356 3277 tyranni·

258 3291 351 3358 dem:
376 3294 504 3359 Metelli
531 3295 749 3379 Pompeiique
773 3295 808 3357 in
830 3293 1014 3378 Hispanias
1039 3296 1246 3359 missionem:
1279 3294 1356 3357 Ser·

257 3394 344 3471 terii,
360 3414 547 3479 pugnaeque
562 3397 633 3481 ejus
647 3396 762 3459 linemt
786 3395 1014 3461 Gladiatorum
1032 3396 1172 3461 bellum:
1194 3394 1356 3461 Tribuna-

258 3498 329 3558 tum
356 3496 445 3579 plebi
470 3498 674 3563 restitutum:
698 3495 886 3561 Piratarum
898 3498 1053 3562 exitium:
1079 3497 1206 3583 Syriam
1222 3498 1357 3563 victam.

260 3594 388 3662 Etcum
402 3597 454 3661 his
469 3600 625 3683 pleraque
635 3600 711 3677 ulia,
721 3620 798 3682 quae
813 3619 835 3663 a
849 3598 997 3666 Sallustii
1010 3600 1180 3666 nativitate
1193 3620 1299 3683 usque
1313 3598 1358 3665 ad

261 3697 413 3764 Catilinae
433 3701 713 3783 conspirationem
738 3707 833 3784 gesta
853 3707 939 3780 suut,
965 3704 1025 3766 ubi
1045 3702 1258 3768 interfuerunt
1280 3702 1356 3766 anui

123 3844 126 3857 ·
260 3800 373 3865 exacti
387 3801 504 3881 viginti
519 3808 552 3866 et
566 3802 719 3886 quinque.
767 3802 908 3882 Deinde,
921 3825 943 3869 a
962 3804 1114 3869 Catilinae
1133 3802 1358 3887 conjuratione

260 3920 365 3985 usque
379 3902 422 3966 ad
437 3903 589 3967 Sallustii
604 3904 742 3984 obitum,
755 3907 857 3971 etiam
871 3907 975 3971 ardua
996 3905 1086 3971 haud
1100 3924 1209 3989 pauca
1225 3904 1359 3971 accide-

260 4009 354 4068 runtz
377 4004 478 4083 velut,
497 4004 612 4087 Magni
626 4005 780 4091 Pompeii
794 4008 991 4093 triumphus:
1014 3992 1187 4071 Ciceronis
1208 4007 1358 4086 exilium,

262 4110 294 4169 et
307 4106 503 4171 trucidatio:
528 4104 694 4173 Gallicum
716 4108 854 4174 bellum:
877 4107 1016 4173 Clodius
1040 4110 1245 4173 interemtum
1272 4108 1359 4173 Res·

261 4208 397 4290 publica
420 4228 599 4295 oppressa:
622 4207 785 4275 Africana
807 4210 997 4293 expeditio:
1018 4210 1130 4277 Julius
1149 4208 1267 4275 cesar
1282 4228 1360 4275 con·
