3092 4884
641 848 701 929 IN
719 847 1054 928 SALLUSTIUM

328 1066 1288 1328 ..DECLAMATIO

808 1498 892 1562 ΟΜ

492 1716 724 1788 CICERONI
746 1719 897 1789 mco
919 1716 1203 1788 TRIBUITUR.

303 2346 373 2437 En
387 2370 519 2437 demum
532 2390 652 2457 magna
664 2373 821 2459 voluptas
835 2378 899 2452 cat,
924 2370 1044 2457 Crispo
1066 2370 1215 2450 Salinati,
1231 2372 1404 2457 aqualem
1512 2408 1513 2415 κ

304 2492 347 2538 ac
364 2492 477 2557 parem
497 2472 606 2537 vorbis
627 2473 733 2539 vitam
754 2492 862 2557 agore,
880 2491 985 2557 ncqnc
1007 2463 1185 2557 quicquam
1197 2478 1265 2537 tam
1279 2474 1407 2538 obsco·

300 2592 379 2639 nam
392 2573 511 2650 dicato,
527 2573 661 2637 coinon
671 2574 715 2638 ab
728 2575 823 2639 initio
833 2575 985 2657 pucritiae
999 2576 1089 2641 omni
1104 2594 1221 2658 genera
1233 2574 1406 2639 facinoris·

302 2678 385 2738 actas
412 2679 470 2738 tna
492 2674 701 2757 respondeat,
729 2680 766 2738 nt
787 2675 894 2739 omnis
916 2676 1025 2740 oratio
1048 2674 1195 2739 moribus
1223 2680 1395 2739 connonct.
1511 2672 1512 2707 ³

302 2774 422 2860 Ncqnc
435 2777 531 2852 caim,
546 2775 606 2859 qui
618 2776 665 2840 ita
676 2776 769 2854 vivit,
783 2777 835 2844 nti
847 2780 895 2854 tu,
909 2776 1012 2855 alitor,
1027 2794 1068 2839 ac
1081 2783 1129 2854 to,
1151 2775 1245 2859 loqui
1267 2780 1395 2859 potest:

300 2896 417 2964 moa,
445 2880 503 2961 qni
527 2883 595 2942 tani
619 2876 714 2943 illoto
740 2896 891 2943 cannono
913 2878 1028 2955 ntitnr,
1055 2878 1125 2942 vita
1148 2876 1313 2941 honestior
1332 2880 1395 2941 cst.

301 2978 382 3059 Quo
395 2998 448 3044 nio
461 2984 597 3052 vortam,
611 2977 652 3042 P.
668 2976 734 3042 ct
755 2978 841 3042 nndc
860 2977 987 3042 initium
1006 2976 1158 3041 numam!
1181 2977 1290 3060 majus
1308 2976 1396 3043 enim

300 3080 382 3145 mihi
392 3078 524 3144 dicandi
533 3097 616 3142 mus
627 3078 815 3162 imponimr,
825 3097 891 3162 quo
899 3080 1006 3144 notior
1020 3084 1072 3143 cst
1084 3086 1220 3161 uterquc
1234 3084 1404 3142 nostrum..

301 3179 403 3259 Qnod
418 3180 448 3245 oi
463 3185 521 3245 aut
546 3179 588 3243 dc
610 3198 686 3243 mea
707 3180 904 3265 vitantque
925 3180 1066 3257 actibus,
1086 3178 1163 3243 haic
1180 3178 1395 3243 conviciatori

298 3278 509 3365 xcopondcro,
520 3280 647 3344 invidia
658 3280 797 3362 gloriam
811 3286 1044 3363 consequetur:
1058 3285 1128 3357 ant,
1140 3280 1170 3343 si
1184 3278 1282 3363 hujus
1291 3276 1394 3355 sacta,

298 3400 419 3458 moros,
433 3399 564 3446 omnem
588 3387 720 3445 aetatcm
746 3380 923 3459 nudavcro,
939 3381 971 3469 in
997 3379 1084 3445 idam
1107 3380 1223 3445 vitiam
1248 3376 1395 3441 incidam

298 3482 527 3564 procacitatis,
542 3480 633 3564 qnod
647 3480 724 3544 hnic
738 3480 873 3564 objicio.
897 3479 939 3544 Id
953 3498 1027 3557 vos,
1042 3480 1071 3544 si
1084 3479 1164 3544 forta
1178 3475 1393 3554 offendimini,

295 3580 420 3664 justino
441 3580 529 3658 hnic,
555 3598 655 3663 quam
681 3578 773 3656 mihi,
797 3598 989 3643 succensam
1016 3578 1155 3657 debetis,
1179 3578 1238 3662 qui
1263 3578 1394 3642 initium

298 3678 504 3746 introduxit·
545 3678 618 3762 Ego
631 3678 720 3744 dabo
733 3698 880 3764 oporam,
896 3684 935 3743 nt
953 3684 987 3745 at
1009 3698 1071 3763 pro
1093 3698 1147 3742 mo
1164 3678 1298 3743 minimo
1314 3696 1393 3741 cuni

791 3840 900 3893 Now

329 3964 342 3991 ⁸
357 3954 457 4006 initian
466 3954 612 4021 tatnduit]
622 3956 822 4007 roritnrotcr·
862 3954 1136 4017 dam‚dcclainationea
1143 3952 1205 4003 intas
1214 3950 1394 4016 aqoibnidm

297 4046 357 4097 qne,
373 4037 402 4081 ct
420 4030 558 4081 Sallustio·
578 4038 607 4081 ct
625 4031 726 4093 Cicero,
744 4030 822 4095 qnod,
863 4030 1085 4081 Declamatoribna
1096 4028 1206 4093 scriptu
1219 4033 1327 4089 tantum,
1339 4040 1392 4077 non

297 4104 347 4158 nint
364 4106 398 4158 ab
416 4110 499 4156 attero
521 4107 616 4171 injuria
635 4108 732 4168 obtata,
750 4106 823 4170 prior
863 4105 1084 4158 recitatusniuc.
1115 4104 1168 4155 Sed
1181 4119 1213 4155 ea
1226 4102 1260 4153 dc
1280 4117 1319 4165 rc,
1336 4102 1394 4169 qni-

295 4181 531 4236 iacmitnafacrit:
549 4180 741 4248 qoodqnidcm,
757 4195 822 4245 pra·
863 4183 911 4233 bn·
931 4190 1032 4235 tantam
1053 4183 1104 4235 crit
1123 4182 1181 4247 otii,
1198 4180 1268 4231 docti
1285 4180 1393 4245 judica-

297 4265 340 4309 tor
353 4258 412 4325 alia,
431 4273 474 4312 nno
493 4259 604 4311 onina
619 4264 707 4309 movet
721 4264 751 4309 nt
768 4270 824 4309 cre·
862 4259 937 4311 bitot.
