3092 4884
253 390 321 459 824
604 406 635 455 u.
657 402 781 457 career
804 404 1003 455 sannusrn

252 548 421 635 pendium,
442 546 577 626 milites,
603 566 707 624 arma,
730 547 927 613 frumentum
949 550 1113 630 poscunt:
1134 544 1216 613 etid
1229 534 1282 611 res
1295 564 1353 612 uo·

252 651 321 734 git3
344 649 499 733 quoniam
524 647 710 713 detectione
735 648 902 711 sociorum
927 654 961 713 et
985 647 1122 713 Sertorii
1146 666 1204 731 per
1223 652 1351 713 monta

252 753 331 835 fuga
354 770 461 834 neque
487 768 588 813 mauu
619 754 744 815 certare
773 754 928 831 possunt,
960 768 1067 833 neque
1095 750 1193 813 utilia
1220 768 1351 831 parare.

251 854 427 919 Exercitus
449 852 484 914 in
509 849 595 915 Asia
617 850 807 934 Ciliciaque
831 852 875 916 ob
899 852 1021 917 nimias
1040 870 1122 934 opes
1147 850 1352 917 Mithridatis

252 958 403 1021 aluntur:
427 952 630 1017 Macedonia
651 953 753 1035 plena
775 952 916 1017 hostium
940 961 1008 1019 est:
1032 970 1092 1019 nec
1108 954 1217 1017 minus
1240 952 1351 1021 italie

249 1057 424 1133 maritima,
448 1060 482 1118 et
503 1054 768 1136 provinciarum:
793 1072 870 1117 cum
894 1054 1020 1117 interim
1036 1054 1212 1135 vectigalia
1234 1072 1349 1136 parva,

250 1166 283 1223 et
295 1158 403 1223 bellis·
415 1158 549 1234 incerta,
562 1156 624 1218 vix
637 1159 763 1238 purtem
776 1160 944 1219 sumtuum
959 1155 1120 1220 sustinent
1133 1174 1141 1219 ε
1165 1155 1214 1219 ita
1227 1156 1348 1233 classe,

251 1278 330 1343 quae
345 1263 549 1324 commeatus
574 1258 738 1333 tuebatur,
764 1257 889 1321 minore
913 1274 1012 1340 quam
1035 1263 1110 1321 ante
1134 1256 1350 1337 navigamus.d

251 1358 349 1425 Haec*
364 1360 393 1422 si
409 1357 487 1421 dolo
501 1362 559 1421 aut
572 1355 724 1422 secordia
748 1362 863 1422 nostra
877 1360 1047 1423 oounacra
1061 1364 1147 1435 suut,
1171 1358 1219 1423 uti
1240 1363 1349 1426 mouet

249 1462 311 1538 ira,
325 1459 527 1542 supplicium
541 1459 680 1523 sumite:
706 1458 760 1521 sin
773 1459 958 1523 communis
972 1459 1104 1523 fortuna
1118 1458 1266 1541 asperior
1278 1464 1347 1541 sst;

249 1581 352 1647 quare
376 1560 510 1642 indigna
530 1560 640 1638 vobis,
666 1560 844 1643 uobisque,
869 1566 903 1625 et
925 1580 994 1645 rep.
1019 1560 1190 1644 incipitist
1237 1558 1347 1645 Atque

248 1682 324 1747 ago,
338 1662 435 1746 cnjus
449 1659 544 1725 retati
559 1678 648 1725 mors
660 1663 796 1745 propior
817 1668 878 1740 est,
893 1680 959 1729 non
978 1661 1146 1745 deprecor,
1160 1662 1190 1725 si
1205 1661 1286 1744 quid
1305 1680 1348 1725 ea

248 1766 345 1831 vobis
367 1760 568 1827 incommodi
581 1759 741 1842 domitum
762 1780 866 1845 neque
878 1782 958 1827 mox
972 1762 1117 1845 ingenui*
1128 1762 1279 1845 corporis
1289 1760 1348 1827 lro·

248 1868 385 1943 nestius,
396 1886 497 1949 quum
511 1884 573 1946 pro
583 1870 696 1929 vestra
709 1864 828 1950 salute,
843 1865 939 1929 tinem
951 1866 1030 1933 vitro
1040 1865 1184 1933 touerim.
1217 1863 1348 1933 numm

247 1989 289 2033 eu
304 1967 344 2032 C.
358 1966 458 2033 Cotta
471 1966 598 2043 consul,
612 1966 714 2044 facio,
737 1966 827 2049 quod
842 1986 934 2051 saepe
948 1966 1094 2050 majores
1109 1968 1237 2049 asperis
1251 1966 1348 2031 bullis

247 2072 373 2147 iecere3
395 2086 516 2142 voveo,
540 2064 690 2149 dodoque
703 2086 757 2131 mc
772 2086 833 2149 pro
848 2087 916 2150 rep.
941 2086 1041 2150 quam
1055 2067 1172 2133 deinde
1186 2069 1242 2149 cui
1254 2084 1348 2131 muu-

247 2172 332 2236 dctis
356 2168 610 2248 circumspicite.
666 2166 757 2231 Nam
782 2167 893 2231 talear'
931 2169 1087 2235 honorem
1120 2170 1226 2235 bonus
1251 2188 1346 2235 nemo

246 2273 348 2348 uolet,
364 2288 442 2335 cum
453 2266 604 2345 todonae,
619 2273 653 2332 et
666 2269 778 2346 maris,
793 2274 827 2335 et
839 2270 918 2335 belli
933 2272 976 2335 ab
992 2269 1067 2335 aliis
1080 2271 1160 2348 acti,
1175 2271 1258 2337 ratio
1272 2270 1346 2337 red·

248 2372 365 2449 denda,
379 2377 438 2435 out
451 2370 588 2453 turpiter
602 2371 809 2435 moriendum
822 2372 876 2437 sit.
920 2371 1165 2437 Tantummodo
1177 2372 1212 2435 in
1226 2373 1345 2437 animis

246 2473 410 2549 habetote,
425 2490 492 2535 non
506 2489 558 2535 ma
573 2472 617 2535 ob
632 2470 754 2547 scelus,
780 2478 838 2536 aut
853 2473 1027 2539 avaritiam
1051 2489 1189 2548 cresum,
1213 2473 1273 2537 sed
1287 2487 1346 2537 uo-

245 2576 364 2640 lartum
386 2590 448 2654 pro
471 2570 627 2634 maximis
649 2570 818 2635 beneficiis
832 2574 976 2637 animam
991 2573 1080 2639 dono
1095 2572 1236 2637 dedisse.
1279 2574 1347 2641 Per

246 2695 319 2751 vos,
338 2672 498 2751 Quirites,
515 2676 547 2735 et
561 2672 699 2757 gloriam
713 2672 886 2755 majorum,
906 2674 1041 2737 tolerate
1056 2673 1207 2751 adversa,
1221 2679 1255 2737 et
1267 2692 1346 2738 con·

246 2776 345 2839 sulita
357 2774 440 2858 reip.
471 2771 580 2841 Malu
592 2794 672 2839 cura
685 2794 814 2840 summo
829 2776 966 2859 imperio
981 2777 1078 2853 inest,
1088 2774 1183 2839 multi
1197 2775 1346 2857 ingentes

244 2876 395 2942 labores:
429 2893 515 2957 quos
536 2875 758 2959 nequicquam
788 2876 944 2955 abnuitis,
969 2882 1002 2941 et
1024 2878 1120 2959 pacis
1143 2876 1345 2961 opulentiam

277 3085 290 3119 ⁶
307 3088 347 3137 Itu
355 3088 494 3149 uolgum
502 3089 574 3137 ctam
583 3087 672 3137 ninere
682 3103 752 3152 quern
761 3103 798 3151 eu,
808 3104 853 3152 qua
864 3094 1003 3139 comtes
1013 3087 1139 3138 nodedum
1149 3092 1228 3137 natea.

743 3280 850 3336 Nouii:

244 3403 362 3468 Pompeii
379 3404 531 3468 epistolam3
548 3422 659 3472 quocum
678 3409 772 3459 Metel·
812 3410 878 3463 deo:
905 3409 954 3460 nisi
974 3407 1042 3461 torte
1064 3410 1160 3463 Consol
1182 3420 1275 3477 noster,
1298 3414 1342 3479 qui

243 3479 426 3542 iuu,rdrerrur
448 3480 601 3543 Sertorium,
624 3483 772 3549 Imperator
806 3484 862 3547 jam
880 3498 958 3548 supra
977 3484 1010 3535 de
1027 3484 1114 3537 inseris
1127 3488 1206 3539 verba
1226 3488 1342 3552 quudurn

242 3560 345 3609 ereatm
355 3552 450 3606 tirerat.
812 3560 912 3623 injecit,
939 3562 1121 3625 philosophice,
1148 3578 1205 3613 rese
1230 3566 1343 3615 uoluerit

275 3637 284 3662 ¹
303 3630 388 3694 Bellis]
423 3632 519 3681 Piratre
537 3633 614 3696 euim,
636 3633 772 3685 Mithrida·
812 3635 894 3683 virum
906 3636 1052 3701 ingenuum,
1070 3639 1116 3689 scd
1129 3654 1224 3703 corpus
1241 3648 1342 3695 tantum

243 3706 289 3757 tici
301 3707 361 3757 belli
373 3708 461 3759 obluta
471 3709 616 3769 occasione,
626 3710 707 3760 marin
717 3711 772 3763 bel-
812 3710 888 3761 morti
901 3712 1020 3763 tradere:
1038 3712 1105 3777 quud
1118 3714 1221 3778 quidem
1233 3716 1266 3765 nd
1285 3732 1342 3781 per·¹

243 3784 279 3847 lo,
299 3784 372 3847 quasi
393 3791 548 3847 tempestate
567 3787 770 3848 praetoremn
812 3786 971 3837 suadendum
982 3798 1010 3839 et
1029 3792 1239 3841 commovendum
1251 3800 1339 3857 aptum

242 3859 285 3919 etii
297 3859 472 3923 repellebam
491 3861 619 3911 Sertorius
639 3859 664 3911 in
676 3860 771 3927 Hispa·
812 3876 913 3927 quoque
926 3860 1014 3913 luerit.
1040 3866 1044 3877 '

241 3924 375 3985 uiu⁴multu
386 3936 579 3999 intercipiebat,
591 3942 640 3987 &e
842 3946 852 3971 ¹
869 3940 934 3992 Nun
948 3942 1030 4004 tunm]
1054 3943 1147 3993 Tacita
1157 3944 1251 4023 innuit¹
1260 3959 1288 3995 re
1298 3943 1341 3993 ed·

272 4011 280 4042 t
296 4010 370 4074 Hoec]
389 4014 462 4061 Corus
473 4012 616 4075 thpabticoe
626 4014 697 4069 curii.
810 4015 859 4065 truc
872 4016 962 4067 rutilam
974 4014 1030 4065 t'ore
1042 4018 1212 4083 Reipublicae,
1222 4034 1271 4070 uec
1286 4026 1339 4069 tun

272 4086 414 4151 Ἰωκή]
435 4088 595 4150 inultiseat,
613 4089 706 4151 ingenio
720 4104 769 4139 cor-
810 4092 887 4155 culpa
908 4106 954 4140 rna
984 4093 1165 4147 exerciturus
1186 4093 1338 4145 Mithridate

236 4159 312 4221 poris,
335 4163 403 4225 qnod
423 4178 473 4212 uon
491 4166 596 4228 placet3
623 4179 770 4233 quanquam
810 4178 906 4217 cresum
918 4164 1007 4217 tuisse.

239 4232 303 4283 illud
320 4238 447 4299 quomodo
458 4240 585 4303 explicem
597 4254 648 4290 non
659 4241 723 4290 retia
734 4240 770 4299 ri·
