3092 4884
535 414 778 479 nnaounnrr,
803 418 874 469 ιιι.
894 414 944 468 ιιι.
1222 398 1293 471 ³2?

232 550 357 629 conor
370 563 460 648 turpi
474 557 645 629 tormidine
660 563 806 642 ltaliam,
821 558 927 647 'atque
941 556 1123 627 exercitrrm'
1134 560 1287 628 descruit.

191 664 289 729 Idem.

232 765 320 846 Quae
334 771 439 851 pacta¹
449 768 485 831 in
499 767 715 832 conventione
727 758 795 830 non
808 766 1051 849 praestitissent.
1096 760 1218 828 Donat

231 867 410 933 Crebritata
423 868 581 933 fluctuum
596 872 633 933 ut
646 866 771 951 Aquilo
785 868 880 933 solet.
925 870 1011 931 Sero.

232 966 442 1034 Mithridates
466 987 605 1054 corpore
627 969 752 1050 ingenti
776 966 911 1051 perinde
936 972 1092 1033 armatus.
1150 964 1289 1034 Quintil.
1397 1008 1400 1015 ‚

191 1070 324 1135 νηιθ.
928 1074 931 1081 “

232 1169 501 1255 Tyramumqne,
515 1175 551 1237 et
564 1170 706 1235 Cinnam
720 1170 936 1255 appellantes.
984 1166 1013 1231 V
1012 1168 1134 1233 iotario.
1158 1166 1246 1234 Sero.

231 1272 431 1354 Nomenque
446 1273 652 1338 Danubium·
668 1274 781 1339 habet.
827 1270 947 1338 Acron.

235 1372 299 1438 Cui
312 1374 377 1436 nisi
390 1374 514 1456 pariter
526 1373 660 1438 obviam
673 1374 785 1439 iretur.
830 1370 953 1438 Donat.

234 1474 442 1557 Septimium,
457 1494 563 1559 noque
575 1466 698 1553 animo,
710 1494 820 1560 neque
830 1475 942 1559 lingua
954 1474 1034 1539 satis
1049 1464 1247 1558 compotem.

232 1575 367 1658 Vulgus
380 1574 565 1641 nmuttieri.
611 1572 748 1642 Quintil.
764 1592 820 1641 rx.
834 1572 866 1639 3.

220 1670 314 1741 ⁸Non
327 1677 552 1761 poeniturum.¹
598 1673 735 1744 Quintil.

233 1778 416 1863 Pompeius
429 1798 507 1843 curn
521 1779 686 1843 alacribus
701 1780 801 1857 saltu,
813 1798 890 1845 cunr
903 1779 1075 1844 velocibus
1090 1798 1203 1857 crrran,
1216 1800 1292 1845 cum

189 1880 314 1947 validis
328 1886 423 1947 vecte
437 1880 598 1945 cenabat.
642 1878 764 1964 Neque
778 1881 866 1944 enirn
879 1880 935 1944 illc
949 1881 1044 1944 aliter
1056 1880 1221 1964 potuisset
1230 1900 1292 1965 par

190 2002 264 2048 anae
278 1982 438 2061 Sertorio,
460 1982 525 2046 nini
540 2002 578 2047 ae
590 1988 627 2047 et
637 1981 758 2046 militae
782 1980 1008 2065 frequentibus
1023 1982 1191 2047 exercitiis
1206 2000 1294 2066 prae·

190 2084 380 2169 paravisset
393 2081 437 2147 ad
451 2083 580 2166 praelia.
626 2078 734 2168 Vrget.
750 2100 775 2145 ι.
789 2083 822 2147 9.
845 2078 921 2144 Jot.
937 2080 1059 2145 Sareob.

235 2176 526 2251 cicero'oaninom
548 2183 751 2263 facundiam,
771 2189 810 2250 ut
832 2182 967 2268 Appius
990 2185 1104 2268 inquit,
1130 2176 1291 2261 exercuit.

193 2282 342 2353 lactant

235 2387 368 2479 Primus
384 2388 581 2455 Graecorum
596 2386 756 2455 Achillea
803 2386 891 2454 Sero.

236 2470 517 2574 capientisaimun
531 2491 625 2574 legia.
672 2486 819 2555 Diomed.

236 2590 362 2675 Magna
387 2593 495 2675 gloria
518 2593 680 2658 tribunus·
701 2594 878 2659 rnilitum'
868 2610 904 2658 ιιι
926 2592 1097 2678 Hispania
1117 2522 1158 2656 'n
1186 2592 1296 2659 Didio·

193 2694 383 2777 imperante,
408 2712 529 2777 magno
550 2714 613 2758 usu
636 2694 726 2759 bello
749 2692 910 2773 Marsico,
934 2698 1055 2776 paratu
1077 2694 1232 2772 militum,
1260 2700 1296 2761 et

194 2812 359 2859 umorum
372 2794 444 2859 init.
488 2793 662 2879 Multaque
676 2800 748 2859 tum
763 2794 910 2860 ductu
880 2813 956 2878 ejus
971 2798 1099 2872 curata,
1114 2795 1223 2879 primo
1237 2814 1296 2879 por

191 2894 446 2979 ignobilitatem,
475 2896 594 2960 deinde
619 2914 680 2979 per
706 2896 868 2961 invidiam
896 2896 1096 2981 scriptorum
1132 2896 1296 2961 celebrata

192 3002 278 3061 nant.
321 2995 644 3063 Comminnsfaciern
665 3017 763 3062 auam
777 2998 978 3076 ostentabat,
1005 2998 1132 3080 aliquot
1146 2996 1296 3061 adversis

194 3097 419 3175 cicatricibus,
447 3102 482 3163 et
505 3096 628 3163 etiosao
658 3098 770 3164 oculo.
816 3097 895 3178 Quo
923 3098 979 3162 ille
1008 3097 1296 3163 dehonestamento

196 3198 346 3281 corporis
359 3198 507 3263 maxima
521 3199 713 3265 laetabatur:
735 3218 841 3283 neque
854 3199 922 3264 illis
932 3198 1064 3275 anxius,
1078 3198 1159 3281 quia
1169 3197 1297 3282 reliqua

196 3298 356 3381 gloriosus
371 3299 541 3365 retinebat.
587 3296 671 3363 cell.
690 3317 731 3364 ιι.
744 3301 801 3366 27.

241 3398 393 3465 Cirrctcn'¹
406 3399 489 3485 qnia
504 3401 673 3485 principer
687 3400 889 3484 intelligendi
902 3400 1017 3465 divina
1031 3398 1172 3477 fuerunt,
1187 3403 1298 3464 vetue-

692 3595 801 3650 Nm

230 3718 350 3784 acala]
365 3718 711 3785 Prolixedeeodppimur.
799 3720 987 3784 'PunitarenJ
1003 3720 1056 3771 Pro
1065 3719 1301 3785 pandatione&-

230 3794 409 3858 mundinae]
425 3796 581 3847 onoemvir
591 3797 672 3861 Acro,
685 3799 728 3848 rel
765 3810 829 3847 rura.

199 3870 412 3937 annulorum
422 3872 567 3935 Horatium,
579 3875 729 3925 Danubium
801 3878 811 3904 ⁸
829 3870 958 3933 mm]
974 3872 1014 3920 De
1024 3870 1138 3921 Sertorlu
1149 3870 1242 3935 rgttnl.

198 3948 225 3998 ln
236 3960 332 4010 genere
343 3954 435 3997 miro
446 3964 462 3997 a
471 3948 594 3999 Sallustio
608 3950 730 4015 potitum,
802 3948 810 3979 ⁸
826 3946 913 4011 Didio]
935 3947 1049 4008 leuatur
1066 3945 1118 3997 fuit
1136 3946 1255 4011 Pompeii
1273 3946 1300 3998 ln
1329 3974 1332 3981 ·

200 4030 230 4073 ut
250 4022 368 4073 Rhenum
384 4024 418 4073 ob
435 4023 556 4076 Horatio.
591 4025 730 4075 Danubio·
771 4024 908 4089 liirpanir,
919 4024 1041 4073 adrerun
1050 4024 1202 4074 Sertorium.

200 4112 263 4151 reru
272 4097 371 4149 dlcitur
392 4099 523 4161 mitntlna,
539 4100 666 4151 maximus
685 4100 730 4151 llle
803 4108 816 4133 ¹
833 4094 944 4162 Canu]
959 4098 1055 4149 Totam
1065 4100 1130 4149 banc
1142 4098 1300 4166 opinionem,

200 4183 230 4225 et
247 4175 395 4225 notioniuruo
411 4177 524 4240 Europe
535 4174 731 4245 fluctuarent
771 4176 844 4243 quael
862 4190 878 4225 ι
895 4175 985 4225 Politia
1003 4174 1090 4225 betam
1107 4174 1242 4226 autunto
1260 4186 1301 4229 ne·

201 4252 369 4305 oomeulrter
378 4252 467 4308 dotum
477 4260 527 4306 ert.
771 4251 853 4317 rpuit,
872 4250 1006 4317 voluitque
1025 4249 1158 4316 ingeniare
1175 4250 1302 4316 intorpre-
