3092 4884
510 372 667 463 ιιιιιισιιι
691 412 738 461 nr
761 410 1008 463 ιιετιιιοιιιι.
1265 398 1311 467 39

206 550 337 621 losum:
384 553 560 621 Octauiani
592 554 688 639 Aug(
710 553 905 639 imperium:
945 556 987 621 L.
1013 554 1150 623 Antonii
1177 557 1309 627 melea
1333 590 1337 596 ¹

208 654 323 733 Quare
337 657 426 723 haud
449 660 549 725 facile
573 659 712 737 creditu,
726 659 1004 742 tam-diligentem
1022 659 1216 725 historicum
1236 662 1310 728 haee

209 756 363 833 Romana
378 760 543 825 omisisse.
566 761 633 843 Sed
647 760 744 838 hanc,
761 760 843 844 proh
857 760 962 839 dolor,
973 763 1138 846 jacturam
1152 762 1311 831 debemus

207 868 265 925 aut
280 860 399 927 Gothis
413 870 448 928 et
457 862 625 928 Vandalis
640 864 729 927 orbis
744 863 1025 930 devastatoribus:
1047 872 1106 930 aut
1120 863 1309 931 Ciceronia-

207 964 258 1027 nis
273 964 327 1027 vel
341 964 491 1031 livianis
506 965 669 1033 Sallustio
684 966 933 1031 infensissimis:
956 986 1033 1031 nam
1047 969 1110 1033 iste
1125 968 1309 1035 Patavinae

207 1071 285 1129 uma
301 1067 574 1151 vigintiquatuor
592 1088 747 1133 annorum
765 1075 863 1133 naurs
885 1075 967 1147 erut,
984 1090 1059 1134 cum
1073 1070 1251 1135 Sallustius
1265 1090 1311 1135 ex

207 1167 361 1233 humanis
375 1171 494 1247 cessit:
519 1171 617 1255 eujus
632 1170 767 1235 tandem
781 1170 860 1235 libri
884 1171 986 1249 etiam
1010 1190 1032 1235 a
1049 1170 1183 1255 jactura
1203 1190 1309 1255 qnan-

207 1272 330 1335 tumvis
344 1272 487 1349 mitiore,
503 1273 664 1337 immunes
678 1292 744 1337 non
758 1271 899 1337 luerunt.
932 1273 991 1337 Sic
1005 1292 1051 1337 ex
1065 1273 1176 1352 livio,
1190 1293 1307 1357 parum

208 1380 377 1457 superest:
400 1395 444 1439 ex
470 1374 578 1440 Ennio
606 1374 672 1439 fere
696 1376 787 1452 nihl,
803 1394 848 1439 ex
872 1375 1031 1440 Sallustio
1057 1395 1178 1458 panca,
1192 1377 1242 1439 uti
1255 1394 1309 1440 res

207 1474 501 1559 humanae'semper
518 1475 656 1541 suerunt.
700 1476 869 1543 Praeterea
891 1496 958 1541 non
981 1478 1043 1540 abs
1063 1496 1109 1554 re,
1134 1477 1309 1561 aquibus·

208 1574 285 1639 dam
299 1576 418 1642 dicitur
433 1578 650 1657 inimitabilia,
665 1578 767 1643 veluti
785 1579 891 1663 liquet
903 1579 959 1642 vel
972 1598 1018 1643 ex
1032 1580 1234 1657 auctoribus,
1250 1578 1310 1663 qui

208 1683 288 1757 post
301 1698 376 1743 eum
391 1679 432 1744 de
445 1680 611 1763 Jugnrlha
624 1681 848 1763 seripserunt:
870 1685 907 1745 ut
929 1680 1057 1758 Livium
1080 1686 1115 1753 et
1135 1682 1310 1762 abbrevia

207 1784 293 1845 tores
306 1784 390 1866 ejus,
398 1784 580 1867 praesertim
591 1782 708 1848 Florus
719 1800 776 1847 ιιι.
786 1783 817 1847 1.
831 1788 865 1848 et
878 1782 935 1846 lib.
947 1799 1042 1845 nxrr.
1058 1781 1199 1847 Orosius
1209 1800 1243 1846 v.
1254 1783 1309 1848 15.

211 1880 365 1947 Valerius
380 1884 551 1950 Maximus
568 1903 609 1949 ιι.
623 1886 654 1950 2.
681 1891 715 1950 et
739 1900 791 1949 vr.
807 1886 861 1949 11.
892 1884 1067 1949 Frontinus
1083 1901 1108 1947 1.
1122 1884 1157 1949 8.
1172 1890 1207 1948 ot
1220 1901 1261 1947 ιι;
1277 1886 1309 1948 1.

208 1989 242 2049 at
255 1984 288 2047 4
310 1984 489 2069 Eutropius
507 2004 557 2051 ιν.
572 1988 606 2053 S.
629 1986 770 2064 Plinius,
782 1989 817 2051 et
829 1986 898 2063 alii,
909 1986 967 2069 qni
981 1985 1026 2051 ad
1042 1990 1167 2049 tantam
1177 1984 1309 2049 dicendi

208 2087 346 2167 gretiam
356 2106 523 2171 nunquam
536 2094 760 2172 pervenerunt.
790 2086 854 2151 Vir
864 2087 922 2151 ille
936 2087 1147 2165 olanssimns,
1160 2086 1309 2170 philoso-

209 2184 308 2268 phus,
329 2193 440 2253 orator
462 2209 613 2271 magnus,
634 2208 732 2253 verus
754 2190 941 2266 historicus,
966 2177 1171 2254 adumsarios
1192 2188 1310 2257 habuit

209 2286 401 2353 Ciceronem
420 2291 585 2375 inprimis,
614 2296 747 2373 propter
770 2288 976 2353 Terentiam:
1002 2287 1159 2353 Asinium
1181 2288 1309 2355 Pollio-⁴

91 2392 97 2403 ’
207 2408 292 2472 nem,
308 2400 443 2477 propter
458 2392 804 2485 Ciceronems'litum
824 2391 968 2469 Livium,
992 2397 1127 2475 propter
1145 2390 1310 2457 scabendi

207 2498 349 2562 samam:
373 2498 521 2579 quicum
542 2496 614 2560 suis
636 2500 790 2559 curamnt
802 2494 946 2569 assidue,
959 2499 997 2558 at
1015 2495 1146 2557 omnino
1159 2492 1310 2559 Sallustii

208 2596 335 2673 vitium,
350 2616 416 2661 nou
430 2616 506 2661 curn
520 2597 653 2679 scriptis
667 2596 740 2680 ejus
753 2594 913 2659 oblivioni
926 2594 1115 2659 traderetur.
1152 2592 1207 2658 Ita
1216 2593 1309 2659 sirni-

208 2700 314 2763 litndo
338 2699 395 2763 illa
419 2698 531 2777 studii,
551 2716 625 2763 raro
649 2698 921 2775 benevolentiam,
938 2698 1181 2762 aemulationem
1195 2695 1308 2780 potius

209 2800 433 2867 afferrosolet.
1170 2818 1174 2823 ’

348 2972 462 3037 Julius
478 2970 568 3037 aas.
585 2970 733 3055 Scaliger
747 2970 906 3037 Oratione
920 2992 982 3056 pro
996 2970 1168 3038 Cicerone.

252 3108 294 3173 Id
317 3108 408 3193 quod
435 3113 469 3173 et
492 3108 682 3186 Sallustius,
704 3108 852 3171 omnium
867 3108 1065 3190 scriptorum
1081 3104 1308 3169 numerosissi-

208 3230 294 3291 mus,
308 3228 474 3295 nusquam
487 3214 679 3295 aspernatus
693 3214 753 3274 est.

660 3380 705 3445 Et
719 3378 854 3446 ibidem.

250 3518 282 3585 A
297 3518 455 3583 Sallustio
467 3524 573 3583 autem
586 3519 785 3583 brevitatem
798 3518 890 3581 illam
904 3516 975 3601 peti
989 3514 1120 3595 debere,
1134 3534 1212 3581 eum
1225 3515 1308 3581 scri-

209 3622 279 3701 bis3
301 3640 407 3703 neque
422 3620 502 3705 quid
516 3622 601 3685 velis
621 3618 780 3702 intelligo,
796 3637 902 3702 neque
915 3622 985 3681 tarn
997 3618 1089 3700 vulgi
1100 3618 1211 3682 animo
1229 3636 1307 3683 eon·

210 3728 354 3807 neptam,
385 3723 470 3787 adeo
498 3742 702 3806 persuasam,
741 3722 836 3789 adeo,
853 3722 1061 3785 decantatam
1088 3721 1125 3783 in
1152 3719 1209 3785 illo
1236 3719 1308 3785 viro

208 3826 404 3891 brevitatem
424 3844 568 3911 unquam
598 3824 840 3908 comprehendi.
885 3823 976 3889 Nam
1001 3822 1043 3900 si,
1064 3823 1223 3906 quoniam
1243 3819 1308 3890 ire—

210 3926 389 4012 questibus
411 3926 580 4011 asyndetis
608 3930 721 4011 utiun,
748 3933 807 3992 ant
831 3927 922 4011 qnod
942 3945 1009 3989 non
1030 3926 1139 4006 longis
1161 3920 1308 4007 periodis
1327 4012 1332 4019 .

210 4028 315 4095 ambit
339 4036 528 4112 argumenta
553 4048 671 4106 rerum,
695 4049 872 4114 properare
897 4028 957 4093 tibi
984 4027 1125 4102 videtur,
1149 4026 1216 4089 isto
1244 4023 1308 4089 tibi

209 4148 342 4215 qnoque
366 4136 468 4213 paeto
493 4129 649 4196 brevibus
671 4134 771 4215 atque
801 4131 988 4214 interceptis
1016 4130 1152 4206 saltibus
1177 4130 1308 4192 eentum

208 4230 436 4299 nilllnrlorum
449 4231 512 4299 iter
523 4232 631 4298 minus
644 4232 779 4317 losum
791 4232 969 4311 auehitur,
982 4228 1195 4315 qunmumus
1205 4227 1307 4295 modo
