3092 4884
543 419 788 483 succurrere,
811 420 885 470 cru.
907 418 965 471 ru.
1236 402 1302 469 309

247 564 335 631 Post
347 563 489 630 reditum
502 582 627 644 eorum,
645 566 767 649 quibus
787 568 920 631 efflatus
941 563 1021 631 belli
1045 562 1212 649 lepidcni
1226 583 1301 647 gra·

203 668 286 733 iiam
298 666 431 733 feceret.
461 664 559 731 Idem.

249 767 348 846 Quod
361 769 421 833 ubi
433 768 551 834 frustra
564 772 720 835 tentatum
731 776 795 847 est,
808 768 981 835 secorffius
995 769 1042 835 irc
1056 768 1175 833 milites
1188 784 1301 831 ocooe·

204 889 293 954 pere,
306 890 371 934 nou
395 866 498 953 opus*
511 872 622 950 armis,
637 876 673 935 ut
693 872 729 937 iu
749 870 926 955 principio,
951 878 986 937 et
1008 870 1136 936 laxiore
1158 867 1300 950 sgmiue.

206 968 337 1035 Nostius.

254 1071 368 1157 Atque
392 1094 466 1139 eum
491 1073 592 1139 Curio
612 1072 794 1152 laudatum,
821 1094 1061 1159 accensumque
1088 1070 1300 1157 praemiorum

203 1192 275 1257 spe,
288 1175 486 1257 quibuscum
498 1175 691 1257 optavisset,
703 1174 751 1237 ire
760 1176 868 1259 jubet.
897 1173 997 1241 Idem.

245 1274 370 1339 Eodem
385 1282 530 1360 tempore
550 1276 709 1341 Lentulus
727 1276 853 1361 duplici
868 1278 940 1342 acie
954 1278 1065 1343 locum
1078 1277 1200 1342 editum
1214 1273 1300 1339 mul-

201 1380 237 1440 to
261 1379 421 1459 sauguine
440 1397 575 1443 suornm
598 1378 789 1457 defendens,
815 1385 989 1467 postquam
1012 1398 1056 1443 ex
1077 1377 1215 1443 sarcinis
1240 1395 1299 1461 pa-

199 1476 403 1641 lIquamenta¹
431 1487 553 1557 astare,
580 1485 615 1545 et
638 1480 778 1545 delecte
809 1480 960 1545 cobortes
988 1479 1126 1561 intelligi
1153 1496 1300 1561 coepero.

246 1600 302 1642 cm.

244 1680 282 1745 Si
296 1682 378 1747 nihil
395 1688 470 1747 aute
490 1684 668 1748 adventum
692 1701 789 1747 snum
804 1684 887 1747 inter
899 1681 1029 1767 plebem
1044 1684 1077 1745 et
1097 1684 1206 1763 patres
1220 1697 1298 1743 con·

198 1784 353 1861 venisset,
368 1804 480 1849 coram
492 1804 528 1848 se
540 1784 693 1848 datmum
705 1802 852 1865 operam.
886 1779 1072 1845 Priscianus
1085 1782 1108 1846 1.
1123 1796 1202 1845 x1v.

244 1883 327 1949 Fine
336 1886 500 1968 inguinum
515 1884 736 1968 ingrediuntur
750 1902 852 1945 mare.
883 1882 1071 1945 Arusianus.

244 1984 294 2050 Μ.
323 1986 508 2052 Anwnius'*
534 1985 713 2069 perdendae
752 1984 905 2068 pecuuiae
941 1984 1082 2067 genitus,
1109 1999 1299 2066 vacuusque

200 2090 301 2166 curis,
316 2088 383 2153 nisi
398 2088 603 2152 instantibus.
651 2082 752 2149 Idem.

242 2186 358 2252 Muros
368 2193 602 2252 successerant.
634 2183 734 2249 Irieus.

240 2289 399 2372 Saxaque
412 2291 569 2370 iugentia,
583 2294 616 2354 et
637 2298 718 2352 axe¹²
730 2290 853 2355 vinctae
868 2289 978 2353 trabes
992 2306 1052 2375 per
1064 2305 1204 2371 pronum
1217 2286 1299 2352 inci·

197 2390 367 2468 labantur„
382 2391 566 2474 artibusque
589 2392 778 2456 eminebant
798 2392 832 2456 in
858 2390 992 2455 modum
1020 2388 1121 2452 cricii⁰
1145 2386 1297 2453 militaris

197 2499 322 2555 venun?
332 2492 446 2555 binum
457 2492 592 2574 pedum.
617 2488 702 2555 Nou.
719 2490 855 2558 Seruius.

242 2592 422 2657 Octavium
429 2595 550 2672 mitem,
565 2600 599 2660 et
613 2600 748 2678 captum
762 2595 918 2680 pedibus.
952 2592 1137 2656 Arusianus.

241 2693 359 2778 Igiturq
373 2695 568 2759 discubuere
582 2696 748 2761 Sertorius
770 2697 903 2761 inferior
916 2698 951 2761 in
973 2695 1092 2773 medio,
1107 2711 1298 2777 supereum

233 2897 342 2965 histis]
369 2898 401 2951 lu
411 2908 461 2967 est,
471 2891 595 2967 metiret
610 2904 642 2953 sd
659 2918 727 2953 sssss
765 2903 819 2954 culi
827 2904 928 2967 species
937 2900 1128 2963 est;veletieru
1137 2897 1206 2963 quod
1218 2898 1296 2962 vulgo

195 2977 322 3041 repeditb.
765 2979 834 3027 ensis
858 2978 976 3027 lsnriusru
998 2981 1102 3027 vocent.
1133 2972 1171 3023 Lu
1191 2972 1251 3021 issu
1271 2969 1296 3021 θ

228 3050 236 3085 ¹
253 3051 435 3117 Psisdmests]
450 3054 726 3105 Peludsmentunrves-
764 3069 811 3103 sse
821 3052 886 3117 ipis.
930 3080 932 3087 =

195 3128 229 3179 tls
241 3135 282 3179 est
292 3128 411 3179 militaris
427 3137 455 3179 et
474 3129 656 3194 Imperatoris,
671 3132 726 3194 ple·
798 3138 810 3171 t
827 3130 920 3194 igiter]
939 3130 976 3179 Ut
987 3128 1155 3191 fragmentum
1174 3122 1244 3174 istud
1259 3122 1297 3172 ln-

196 3220 305 3271 rumque
323 3206 460 3256 concines:
486 3220 631 3271 quenquam
646 3208 725 3257 etism
765 3207 906 3270 telligatur,
916 3205 1049 3255 sciendum
1058 3209 1108 3265 est,
1118 3202 1187 3266 quod
1197 3200 1296 3265 optime

195 3281 323 3331 ilitibue
332 3282 464 3335 tribuitur.
764 3292 870 3334 enarrat
893 3282 1055 3333 doctissimus
1075 3278 1222 3341 Salmasius,
1243 3283 1297 3327 tres

227 3358 385 3423 Μαικία]
413 3358 616 3409 llicPeteriuit
628 3358 725 3408 Trion-
763 3359 842 3410 fuisse
864 3359 973 3410 lectulos
993 3358 1086 3422 quibus
1107 3353 1297 3405 accumbebsut

195 3434 306 3500 viri‚qui
322 3450 351 3485 re
362 3434 485 3484 euvenus
501 3436 637 3485 cretenses
656 3436 724 3484 susle
762 3444 877 3496 veteres,
894 3450 953 3486 cnm
972 3435 1057 3484 elbum
1077 3436 1217 3493 sumerent,
1228 3443 1295 3479 sun·

195 3518 279 3577 geste,
297 3511 388 3561 morbo
408 3510 516 3561 interiit.
558 3512 644 3561 llosuo
673 3510 726 3563 fuit
762 3528 828 3577 mus,
836 3514 946 3573 scilicet,
956 3509 1064 3571 medius,
1073 3514 1101 3557 et
1111 3508 1184 3557 imus.
1206 3504 1296 3555 Domi-

193 3584 286 3635 unllius
300 3585 420 3647 virtutis;
437 3586 480 3650 qui
500 3586 585 3636 Cotne
606 3586 726 3635 Consulis
762 3587 932 3639 uusconsiuii
944 3586 970 3636 in
985 3584 1068 3650 primo
1085 3584 1142 3633 loeo
1162 3580 1232 3631 tertii
1250 3594 1295 3629 seu

194 3668 222 3712 et
234 3660 342 3726 Cethegi
354 3662 448 3725 gretie,
458 3676 511 3711 orte
530 3660 667 3712 merium
683 3676 727 3713 cu·
763 3664 808 3715 irnl
826 3664 888 3715 lecti
909 3660 1064 3713 sccubsbst:
1086 3660 1156 3709 locus
1168 3656 1296 3706 honestis·

193 3737 318 3786 senonem
335 3743 437 3797 uectus,
455 3736 569 3786 Sicilisnr
581 3741 609 3785 et
621 3737 727 3786 Prociu-
762 3740 841 3790 simus
853 3740 957 3789 ultime
969 3742 1025 3787 erst
1041 3734 1157 3795 secundi,
1175 3733 1231 3783 sive
1243 3744 1296 3781 rue-

193 3811 590 3876 cissomuesdepcpulutusest.
761 3815 798 3865 ‹lii
820 3815 892 3877 lecti,
924 3812 993 3878 quod
1016 3809 1127 3862 convivii
1155 3807 1295 3857 Dominum

226 3894 239 3920 ¹
254 3886 321 3951 Axe]
341 3887 475 3937 Turnebus
495 3888 634 3951 legiam
649 3887 725 3938 viseti
762 3890 936 3951 condisceret,
963 3894 992 3936 ut
1025 3886 1102 3935 dccet
1133 3882 1296 3933 Plutarchus.

192 3962 266 4013 Μ·
763 3967 813 4017 llis
827 3972 892 4016 bene
903 3965 1041 4015 intellectis
1053 3963 1124 4013 nulle
1136 3965 1255 4025 superest
1267 3959 1294 4008 ln

225 4045 238 4069 ·
253 4036 344 4099 [isicii]
366 4035 467 4086 Ericins
483 4038 601 4087 mscbins
616 4044 656 4087 est
670 4038 723 4089 bel·
762 4043 812 4093 boc
823 4041 968 4105 fragmento
979 4038 1127 4089 difficultas.
1165 4034 1295 4085 Sertorius

192 4112 253 4171 lice,
262 4111 361 4161 verutis
371 4125 417 4161 seu
427 4112 569 4175 maioribus
580 4114 661 4163 cleris
678 4130 724 4164 uu-
761 4116 984 4167 honoratissimum
1001 4115 1085 4164 locum
1107 4112 1294 4177 occupaverim

195 4187 392 4255 diqneborrids.
762 4193 806 4243 coi
826 4190 957 4257 proximus
983 4196 1040 4239 etet
1059 4189 1085 4238 iu
1106 4189 1198 4238 eodem
1214 4186 1295 4251 lecto,

225 4272 240 4309 Ρ
256 4264 358 4331 l'ersts]
378 4267 506 4317 Vesulum
518 4266 613 4332 spiculi
624 4282 670 4322 ses
683 4269 724 4335 js·
762 4267 849 4323 medic
859 4268 970 4332 scilicet,
989 4266 1084 4319 lisbius
1103 4264 1295 4335 Hlspsnieusis.
