3092 4884
256 380 278 443 2
703 393 895 440 uvrsrona.

256 540 385 626 plexio,
399 558 508 623 neque
527 538 712 603 fabularum
735 539 907 604 involucra
921 537 1000 602 Tibi
1015 531 1146 603 obicem
1166 544 1360 622 opponunt:

258 644 335 730 quin
360 662 498 727 gemma:
521 661 617 707 nova:
639 638 858 720 efflorescunt,
875 658 953 705 cnm
967 639 1021 703 Tu
1035 639 1185 705 sentibus
1199 640 1274 706 istis
1287 662 1362 707 ma·

257 766 335 813 num
351 747 525 811 admoves:
553 744 672 808 decore
687 748 744 807 tuo
768 741 867 806 Vatis
890 743 1086 825 elegantiam
1100 742 1246 826 quodam
1260 745 1362 829 quasi

257 850 382 933 fulgore
403 845 596 913 collustras!
629 843 746 927 Itaque
770 864 838 909 non
862 865 916 909 me
941 844 1091 909 cohibuit
1118 846 1153 909 in
1178 846 1361 911 enodandis

258 952 508 1019 difficultatibus
522 952 661 1015 conatus
674 948 724 1011 tui
739 947 886 1023 solertia,
902 967 970 1011 non
983 948 1052 1013 loci
1066 949 1241 1014 sanctitas.
1282 947 1360 1014 Stu-

256 1056 358 1141 pidus
381 1053 579 1129 exclamavi,
605 1070 683 1115 num
706 1048 759 1114 Tu
786 1050 1006 1134 quadraginta
1026 1049 1100 1113 illos
1114 1070 1244 1128 versus,
1268 1055 1361 1129 (nam

257 1164 307 1225 tot
334 1178 387 1222 me
416 1160 580 1240 praesente
604 1150 817 1237 explicuisti)
842 1159 921 1217 tunc
944 1154 1052 1237 primo
1080 1153 1213 1235 legeres.
1256 1152 1360 1232 Quod

258 1261 392 1347 quidem
406 1277 471 1322 non
490 1257 583 1341 prius
596 1256 677 1321 mihi
694 1257 757 1327 fnit
773 1255 1015 1333 confirmatum,
1029 1274 1131 1338 quarn
1145 1257 1360 1321 temeritatem

255 1382 376 1441 meam,
395 1362 467 1446 jam
482 1360 564 1423 satis
589 1378 623 1423 re
643 1360 722 1444 ipsa
736 1360 937 1437 damnatam,
952 1359 1044 1443 apud
1066 1356 1117 1421 Te
1136 1358 1247 1422 verbis
1265 1362 1360 1444 coepi

258 1482 427 1531 accusare.
473 1461 562 1526 Meae
587 1462 685 1543 igitur
709 1461 880 1526 tenuitatis
904 1460 1059 1525 conscius
1080 1460 1115 1522 in
1136 1472 1177 1523 eo
1192 1464 1361 1529 constitis-

258 1586 340 1641 sem,
356 1565 422 1629 nisi
436 1584 500 1641 me,
514 1568 547 1626 et
560 1562 749 1644 benignitas
769 1567 839 1639 tna,
854 1567 888 1626 et
901 1559 1120 1627 illustrissimi
1135 1563 1360 1631 Moderatoris

258 1668 307 1733 tui
330 1666 518 1732 humanitas
539 1670 776 1729 sustentasset:
808 1682 874 1728 non
898 1664 984 1727 enim
1003 1665 1089 1749 jam,
1112 1672 1149 1731 ut
1165 1666 1222 1731 ille
1236 1686 1360 1752 oppor.

258 1776 336 1835 tune
361 1766 563 1860 submonuit,
586 1764 665 1830 Tibi
679 1764 875 1829 exhibentur
897 1764 1200 1833 animadversiones
1222 1776 1360 1849 nostrae,

257 1890 316 1937 eas
329 1876 366 1936 ut
377 1872 481 1954 legas,
505 1868 563 1932 sed
583 1872 620 1931 ut
644 1868 801 1951 corrigas.
849 1858 1013 1931 Nimirum
1033 1866 1158 1933 laboris
1177 1872 1226 1935 tui
1250 1873 1360 1937 minu·

257 1973 332 2038 endi
347 1993 461 2051 cansa,
471 1971 678 2037 adornandae
693 1976 867 2035 curaverat
880 1971 1146 2054 sapientissimus
1160 1972 1244 2037 an
1259 1974 1360 2041 Mon-

256 2076 441 2155 rauserius3
476 2074 535 2139 sed
558 2072 741 2137 incredibili
760 2078 819 2139 tna
842 2074 1011 2139 alacritate
1026 2094 1146 2159 aspera
1158 2078 1271 2143 omnia
1283 2098 1361 2163 per-

256 2177 395 2256 vasisti:
418 2176 567 2240 omnium
581 2176 848 2258 expectationem
859 2176 1067 2255 antevenistl.
1112 2176 1241 2262 ltaque,
1259 2180 1361 2246 Dan·

140 2316 143 2321 ,
259 2284 378 2343 aurun
411 2278 680 2355 Snaaurssrun,
717 2276 821 2343 ollero
857 2278 934 2343 Tibi
963 2279 1170 2360 Sallustium,
1198 2280 1368 2352 Antorem

258 2379 406 2465 prolecto
427 2380 599 2457 eximium,
625 2398 693 2462 qua
718 2379 813 2463 potui
838 2379 1003 2463 equidem,
1026 2382 1176 2447 mamma
1195 2402 1271 2449 cum
1284 2386 1363 2453 dili·

213 2565 215 2570 ,
258 2482 368 2565 gentia
396 2482 616 2563 elucidatum
661 2482 720 2547 sed
760 2500 801 2545 eo
830 2486 956 2547 tantum
983 2483 1059 2561 fine,
1084 2491 1122 2550 ut
1147 2489 1361 2555 reverentiam

257 2603 377 2660 meam,
391 2589 425 2649 et
439 2583 619 2649 advorsum
631 2583 681 2649 Te
695 2584 821 2649 cultum
834 2588 990 2649 testatum
1005 2585 1138 2653 faciam.
1175 2587 1362 2657 Consilium

256 2686 321 2750 fuit
345 2684 449 2767 Regis
475 2691 512 2749 ut
545 2685 690 2751 Gallicae
708 2686 876 2769 jrrventuti
899 2705 967 2750 non
992 2690 1082 2755 omni
1107 2690 1209 2756 modo
1237 2692 1362 2759 virtute

258 2787 456 2874 praeluceres
472 2808 481 2867 ;
504 2788 562 2851 sed
571 2793 605 2851 st
619 2786 667 2849 illi
682 2785 808 2851 Patria:
820 2785 921 2851 Pater
932 2789 1049 2865 voluit,
1062 2794 1099 2856 nt
1112 2792 1230 2857 eadem
1243 2813 1360 2880 prope,

259 2890 383 2974 quibus
402 2908 484 2953 usus
505 2888 619 2967 fueris,
641 2889 816 2972 sapientiae
838 2889 1055 2956 instrumenta
1077 2893 1217 2977 benigne
1228 2898 1362 2979 praebe·

257 3010 320 3057 res.
364 2990 463 3055 Prius
489 2991 571 3057 illud
587 2991 661 3075 jam
683 2990 742 3057 diu
767 2992 816 3055 ita
837 2992 1030 3075 implevisti,
1051 3000 1099 3073 nt,
1120 2997 1187 3061 nisi
1207 2997 1259 3062 'l'c
1272 3018 1361 3065 cres-

258 3097 383 3159 centem
405 3093 604 3171 videremus,
630 3094 809 3177 nequidem
831 3096 961 3179 majora
982 3102 1256 3179 expectaremus:
1279 3103 1363 3185 quin

257 3196 306 3260 ita
329 3216 366 3259 es
388 3197 566 3279 ingressus,
591 3201 628 3260 ut
647 3197 758 3278 magni
774 3195 873 3261 Illius
887 3196 934 3261 tui
960 3195 1114 3263 Parentis
1129 3206 1210 3265 vota
1223 3221 1361 3285 :aquare

263 3296 415 3362 videaris.
458 3296 608 3363 Alterum
628 3303 781 3381 superest
803 3298 862 3361 ubi
875 3296 970 3361 nutui
983 3317 1024 3363 ac
1040 3299 1176 3366 arbitrio
1191 3306 1249 3368 tuo
1263 3304 1365 3370 obse·

260 3399 474 3481 quentissime
496 3400 685 3476 servientes,
702 3398 910 3483 propositum
922 3404 1016 3463 tuum
1030 3399 1145 3484 aliqua
1157 3405 1284 3469 ratione
1299 3408 1361 3473 ad-

253 3500 372 3583 juvare
386 3500 577 3565 audeamus.
621 3500 673 3565 Eo
687 3520 766 3565 vero
780 3520 856 3567 mea
873 3506 952 3565 vota
972 3507 1143 3585 spectant3
1166 3512 1211 3583 et,
1229 3508 1260 3571 si
1279 3528 1363 3574 ocn-

257 3602 301 3667 lis
324 3602 390 3667 tuis
412 3602 515 3667 bocco
539 3604 739 3686 opusculum
764 3604 929 3669 illustrare
952 3622 1018 3668 nou
1038 3604 1360 3691 dedignamslueris,

258 3710 329 3772 tum
352 3703 483 3769 demum
508 3726 560 3769 me
584 3706 682 3771 sacile
703 3707 851 3781 beatum,
873 3710 909 3769 et
921 3705 1026 3788 gloria
1039 3709 1242 3793 cumulatum
1256 3714 1364 3779 credi·

258 3806 348 3873 dero.
393 3807 471 3871 Non
496 3808 645 3891 equidem
670 3826 731 3890 per
753 3808 866 3872 omnia
890 3809 1073 3891 penetravit
1087 3808 1228 3895 Crispus
1242 3813 1366 3881 Porro..

258 3928 315 3973 ces
337 3909 502 3993 mysteria,
526 3911 647 3992 quibus
675 3908 752 3974 Rex
776 3909 875 3974 bodie
894 3913 1068 3975 attonitum
1086 3914 1199 3979 orbem
1224 3918 1362 3985 retinet:

258 4015 294 4077 at
306 4030 412 4095 neque
426 4030 538 4077 omues
553 4010 688 4095 Aquilae
710 4013 831 4078 babent
853 4013 982 4092 oculos,
996 4015 1055 4098 qui
1073 4016 1167 4080 illum
1182 4020 1361 4102 aspiciant.

257 4111 323 4189 Τιι,
338 4112 398 4197 qui
420 4132 577 4194 magnum
591 4132 629 4177 cs
643 4114 715 4198 ejus
737 4114 983 4193 incrementum,
1007 4116 1101 4183 illum
1117 4119 1310 4199 intueberis,
1322 4124 1362 4188 il·

257 4212 327 4279 lum
341 4212 469 4294 audies,
482 4214 571 4280 illius
591 4213 733 4299 denique
753 4215 844 4281 facta
865 4218 1085 4302 scrutaberis:
1106 4221 1204 4307 cujus
1217 4224 1272 4291 vel
1284 4224 1363 4293 solu
