3092 4884
269 380 312 452 14
746 390 865 439 ·=r'rrs

269 538 460 623 Campania
486 536 630 606 cessus
654 534 790 613 milites,
816 556 902 620 quos
930 534 966 601 in
987 532 1145 602 'Africam
1172 535 1377 619 praemittere

270 646 440 719 statuerat,
452 638 647 705 seditionem
662 638 893 716 concitassent,
906 656 951 703 ac
966 636 1148 703 Sallustios
1162 641 1288 720 praetor
1301 634 1375 703 Bo·

270 764 360 811 mam
374 742 592 819 contenderet,
606 760 675 825 quo
690 737 861 805 Caesarem
872 739 970 823 hujus
983 740 1031 803 rei
1051 736 1175 803 faceret
1188 739 1375 817 ceruum

270 844 506 931 propemodum
520 842 617 907 suerit
630 842 764 907 occisus
780 862 803 907 a
816 842 1042 926 compluribus
1056 841 1209 920 militnm,
1223 841 1375 924 quicum

269 950 535 1032 insequebantur,
557 964 620 1009 nec
646 946 804 1027 cuiquam
825 946 1018 1029 parcebant,
1038 946 1140 1011 immo
1165 944 1249 1010 duos
1269 945 1376 1013 etiam

270 1058 437 1119 senatores
459 1047 656 1115 occiderant.
699 1046 805 1131 Apud
818 1048 956 1113 eundem
969 1049 1027 1114 lib.
1042 1064 1158 1117 xetrr.
1171 1047 1321 1125 retertur,
1335 1050 1375 1113 ut

272 1153 389 1221 caesar
412 1152 584 1219 Numidiae
599 1151 786 1235 prreieeerit
800 1151 1013 1232 Sallustium
1034 1152 1091 1221 ille
1105 1158 1218 1218 autem
1232 1150 1375 1235 provinz

271 1257 358 1325 ciam
371 1256 585 1341 expilaverit:
609 1274 648 1320 sc
663 1276 685 1319 a
700 1253 836 1323 Caesare
851 1256 986 1340 quidem
999 1255 1096 1322 tuerit
1108 1257 1297 1337 absolutus,
1312 1251 1375 1323 sed

270 1361 441 1427 infamiam
455 1380 522 1424 non
535 1358 697 1443 effugerit3
717 1360 810 1444 quod
823 1362 883 1445 qui
903 1362 939 1427 in
961 1359 1116 1427 Historia
1128 1358 1269 1425 acerbus
1286 1359 1377 1428 esset

271 1465 450 1531 alienomm
464 1464 623 1535 vitiomm
646 1463 839 1547 castigator,
853 1464 992 1548 turpiter
1010 1464 1083 1546 ipse
1106 1462 1141 1527 iu
1160 1462 1224 1526 hoc
1236 1478 1375 1531 musmo

272 1586 308 1644 se
333 1566 489 1633 dedisset.
533 1566 587 1633 Ex
609 1568 673 1635 hac
691 1574 803 1635 autern
827 1567 946 1653 praeda
967 1565 1151 1633 Numidica
1172 1566 1222 1631 ita
1247 1563 1375 1630 ditatus

271 1668 348 1746 tuit,
360 1673 398 1735 ut
407 1669 445 1739 in
461 1667 625 1747 Quirinali
648 1676 760 1735 monto
779 1669 886 1734 iorum
900 1674 1031 1747 emeret,
1046 1668 1138 1753 quod
1152 1663 1300 1731 Sallustii
1314 1682 1376 1729 vo-

272 1776 376 1854 catur,
390 1772 450 1836 ubi
473 1790 560 1837 nunc
584 1772 674 1839 aedes
698 1772 734 1837 S.
750 1770 928 1837 Susannae:
950 1770 1030 1836 item
1048 1769 1175 1847 hortos,
1187 1769 1247 1853 qui
1259 1766 1376 1839 hodie·

272 1892 337 1957 que
363 1870 550 1939 Sallustiani
570 1875 794 1940 nominantur.
838 1872 930 1939 Haec
955 1872 1143 1949 ostendunt,
1167 1871 1272 1935 vitam
1297 1869 1378 1953 ejus

269 1975 399 2049 laudari
411 1996 446 2047 ,a
470 1976 600 2043 nemine
614 1996 729 2059 posse.
772 1974 904 2059 Nempe
916 1975 1024 2041 omnis
1038 1974 1113 2059 ejus
1135 1974 1239 2057 gloria
1252 1992 1274 2038 a
1286 1992 1377 2056 prae-

271 2078 371 2144 claris
384 2079 518 2163 scriptis
530 2078 756 2163 proficiscitur.
801 2078 870 2145 Sed
881 2080 941 2144 vix
961 2078 1035 2164 ejus
1055 2078 1238 2163 quicquam
1250 2078 1377 2159 integre

271 2180 314 2245 ad
339 2198 401 2245 nos
425 2180 584 2263 pervenit,
609 2186 732 2264 practer
751 2180 875 2247 bellom
896 2179 1145 2263 Jugurtbinum,
1165 2184 1200 2245 et
1213 2177 1378 2247 Catilina·

271 2283 369 2351 rium.
412 2282 468 2349 Ita
487 2283 588 2365 vulgo
610 2281 843 2349 inscribuntur.
888 2283 958 2349 Sed
979 2285 1146 2367 posterior
1169 2284 1309 2366 genuina
1323 2284 1375 2347 in·

270 2384 420 2468 scriptio,
433 2400 483 2449 ns
498 2401 790 2451 oonsussrrons
805 2384 1078 2451 Osrrsrussrr.
1119 2385 1230 2451 Testis
1245 2384 1390 2451 Sallus·-

270 2484 336 2553 tius
350 2485 425 2568 ipsc
439 2485 491 2551 his
505 2486 632 2551 verbis:
655 2486 781 2570 ‘Igitur
794 2488 837 2552 de
849 2486 1003 2553 Catilium
1017 2489 1258 2574 conjuratione,
1272 2508 1374 2572 quem

270 2586 438 2653 verissime
452 2593 578 2670 potero,
590 2590 709 2671 paucis
721 2588 919 2655 absolvam?
959 2588 1009 2655 At
1021 2610 1066 2655 ex
1079 2592 1184 2655 nobili
1201 2590 1376 2657 Historia·

270 2708 342 2753 rum
356 2708 466 2771 opere,
481 2710 547 2774 quo
571 2691 720 2774 inprimis
744 2690 894 2757 historici
911 2694 1076 2776 principis
1099 2712 1219 2759 nomen
1243 2694 1377 2772 meruit,

269 2790 350 2855 nibil
364 2792 523 2857 habemus
537 2799 658 2875 praeter
681 2799 825 2876 quatuor
846 2797 1083 2874 oratiunculas,-
1101 2796 1262 2879 epistolas
1275 2795 1373 2874 duas,

270 2896 305 2959 et
317 2890 429 2959 lacera
443 2894 571 2977 aliquot
584 2894 781 2976 fragmenta,
798 2915 876 2979 quaa
898 2916 944 2961 ex
957 2896 1193 2963 Grammaticis
1215 2898 1374 2982 antiquis,

270 2999 372 3077 atquc
387 2995 464 3059 aliis
478 2996 706 3080 scriptoribus,
719 2998 861 3063 collecta
873 3004 960 3065 sunt
1005 2999 1095 3065 Dnae
1107 3020 1189 3065 vero
1202 2999 1248 3064 ad
1259 2998 1376 3065 Gaesa-

269 3112 339 3159 rsm
363 3096 539 3174 orationes,
560 3104 598 3162 ut
618 3103 750 3175 vocant,
773 3098 816 3163 de
839 3099 1029 3184 Republica
1049 3102 1244 3180 ordinanda,
1264 3108 1374 3168 utrum

271 3195 419 3263 Sallustii
441 3200 519 3276 sint,
550 3218 615 3265 nou
641 3202 798 3267 convenit
825 3204 906 3267 inter
932 3205 1091 3270 eruditos.
1151 3204 1270 3271 Cmrio
1297 3205 1373 3271 Sal-

270 3298 370 3363 lustio
393 3299 576 3383 abjudicat:
598 3307 632 3366 et
655 3322 716 3385 pro
738 3304 798 3369 illo
823 3306 997 3390 estquod
1019 3317 1167 3374 veterum
1187 3328 1299 3388 nemo,
1312 3310 1375 3393 qni

269 3404 440 3482 tantopere
455 3403 598 3483 gaudent
621 3403 815 3469 Sallustium
831 3406 877 3471 ad
893 3417 1005 3490 partes
1025 3407 1204 3490 advocare,
1218 3412 1297 3476 inde
1311 3412 1374 3476 oli·

270 3501 351 3584 quid
375 3502 555 3585 depromat.
609 3504 772 3571 Dissentit
796 3515 908 3574 autem
932 3510 1062 3588 Ilouza,
1086 3514 1141 3577 cui
1163 3513 1276 3578 favent
1298 3515 1375 3580 libri

268 3606 346 3669 vett.
362 3608 396 3667 st
416 3603 522 3668 dictio
546 3607 633 3690 ipsa,
654 3597 751 3691 quae,
765 3610 923 3695 quicquid
937 3612 1027 3677 dicat
1041 3611 1171 3692 Carrio,
1185 3615 1285 3699 plane
1299 3616 1374 3682 Sal·

268 3703 403 3769 lustr'um
427 3706 561 3775 redolet.
605 3708 666 3773 Sin
689 3713 839 3792 genuinae
860 3733 928 3779 non
951 3715 1029 3793 sint,
1050 3718 1165 3798 negari
1183 3723 1293 3783 tumen
1305 3738 1374 3785 non

268 3805 386 3891 possit,
402 3806 499 3871 valde
513 3827 589 3873 csse
601 3810 768 3895 antiquos,
782 3820 816 3877 ct
829 3816 961 3898 quidem
974 3815 997 3881 J
999 3817 1113 3896 aliani,
1128 3826 1186 3884 aut
1198 3818 1374 3903 Anguotaei

270 3908 350 3973 aem':
373 3908 489 3973 saltem
503 3928 569 3974 non
584 3912 668 3976 intra
683 3912 888 3979 Flavianum.
935 3918 1002 3984 Sed
1022 3921 1182 4001 genuinas
1196 3942 1271 3987 esse
1284 3925 1374 3989 arbi·

269 4015 347 4087 nor,
362 4030 429 4075 non
443 4017 549 4075 tamen
574 4022 610 4079 ut
632 4018 801 4081 orationes
814 4038 889 4083 esse
901 4028 1024 4104 putem,
1038 4023 1097 4088 sed
1112 4026 1274 4106 epistolas
1287 4027 1372 4092 dnn·

268 4116 371 4180 asar.
416 4111 451 4176 N
453 4132 507 4177 am
529 4118 718 4199 posterioris
743 4126 859 4185 auctor
879 4122 933 4188 bis
955 4125 1014 4204 ait,
1032 4126 1313 4210 seillascribere,
1328 4148 1376 4195 ac.

267 4210 415 4279 disortim
428 4216 542 4282 literas
562 4218 726 4302 appellat.
767 4221 938 4309 Planequo
962 4227 1140 4294 verisimile
1161 4236 1224 4309 est,
1245 4232 1372 4304 missas
