3092 4884
235 382 280 450 tn
743 394 836 445 vrrs

231 541 417 621 zenobius,
430 538 580 626 sophista
600 540 644 619 is,
667 542 724 625 qui
745 490 866 609 liomae
892 542 1008 610 docuit
1016 542 1084 609 sub
1100 540 1250 608 Adriano
1264 540 1343 609 ce-

235 660 324 729 sare}
351 646 475 731 quique
497 646 663 729 epitomen
686 644 936 728 proverbiorum
960 645 1110 731 Didymi,
1131 651 1165 711 et
1187 645 1343 711 'l'arrlraei

235 746 389 833 scripsit3
412 751 451 811 ut
472 746 567 811 testis
592 751 644 812 est
666 745 789 810 Suidas
809 747 847 810 in
869 744 1011 829 Ζηνόβιος.
1055 746 1170 831 Atque
1183 746 1261 812 inde
1275 753 1341 827 est,

235 850 326 935 quod
342 849 492 915 Sallustii
504 868 639 933 quoque
649 848 798 917 meminit
812 849 1000 935 Stephanus
1013 848 1180 930 ἰιιἎζιλις.
1204 848 1342 916 Utinam

234 971 314 1017 uero
338 955 467 1016 extaret
487 948 599 1033 Asper
621 948 879 1029 Grammaticus,
903 951 1054 1017 Sallustii
1070 954 1241 1037 interpres,
1258 956 1343 1017 teste

237 1052 456 1139 Hieronymo.
509 1052 677 1133 Quaedam
705 1073 750 1117 ex
779 1073 820 1118 eo
848 1056 930 1119 citat
956 1054 1139 1139 Sosipater.
1190 1054 1342 1120 Ioannes

237 1156 394 1241 Baptista
427 1155 510 1220 Pius
539 1154 788 1223 annotationum
815 1154 1043 1220 Posteriorum
1069 1175 1147 1241 esp.
1177 1157 1231 1221 St.
1261 1155 1345 1222 citat

237 1260 431 1343 ‘antiquum
445 1264 627 1335 auctorem,
646 1257 704 1340 qui
718 1258 824 1321 vitam
838 1256 987 1321 Sallustii
993 1257 1138 1323 scribit’
1172 1257 1263 1323 Sum
1276 1273 1344 1323 non

237 1358 318 1427 vidi.
361 1359 433 1426 Sed
443 1358 527 1423 -sciu
542 1360 647 1425 vitam
669 1357 819 1423 Sallustii
833 1378 853 1423 e
865 1359 1033 1425 vcmrilrus
1047 1361 1222 1444 reliquisse
1235 1359 1345 1426 Asea

237 1464 331 1531 ninm
346 1462 549 1527 Pedianum:
572 1466 608 1526 ut
632 1476 831 1544 cognoscere
851 1466 902 1527 est
926 1481 969 1527 ex
994 1460 1128 1528 Acrone
1151 1462 1195 1527 ad
1222 1462 1343 1528 Horat.

241 1565 312 1633 Sat.
330 1582 352 1628 r.
369 1566 402 1630 2.
417 1565 470 1629 ll.
508 1562 546 1627 E
555 1562 747 1647 junioribus
758 1562 848 1627 idem
861 1564 974 1629 conati
987 1562 1193 1648 Pomponius
1215 1564 1343 1642 laetus,

240 1673 273 1745 et
294 1666 416 1733 Petrus
440 1664 598 1731 Crinitus.
642 1665 709 1731 Sed
732 1665 785 1729 his
799 1664 883 1731 tides
896 1666 1061 1745 habenda,
1078 1672 1344 1751 quatenusrete·

239 1789 310 1835 mur
326 1770 447 1835 scrinia
466 1768 697 1853 compilarunt.
742 1766 835 1833 Care
859 1774 1071 1835 autemeam
1096 1768 1255 1835 Sallustio
1274 1768 1345 1836 lroc

240 1870 426 1937 confundas
448 1869 605 1954 Crispum
629 1870 835 1949 Sallustium,
859 1872 904 1936 ad
933 1892 1030 1956 quem
1056 1874 1092 1937 in
1115 1871 1203 1937 odis
1228 1872 1347 1938 scribit

243 1966 417 2050 Horatius,
441 1973 606 2039 Historici
629 1973 729 2059 hujus
743 1975 865 2039 sororis
887 1974 1003 2052 lilium,
1018 1974 1160 2058 Augusti
1184 1976 1345 2041 amicum:

241 2068 283 2141 de
298 2095 365 2161 quo
379 2074 508 2141 Seneca
521 2075 580 2141 lib.
595 2092 620 2141 r.
645 2075 686 2141 de
697 2075 903 2155 ¹Clementia,
925 2084 960 2144 et
971 2076 1110 2144 Tacitis
1123 2078 1182 2143 lib.
1196 2094 1222 2141 r.
1235 2082 1272 2142 et
1284 2092 1343 2140 nr.

241 2175 364 2243 Annal.
408 2174 444 2241 A
469 2195 536 2262 quo
562 2182 596 2242 et
621 2178 790 2245 metallum
813 2179 980 2264 quoddam
1007 2180 1244 2246 Sallustianum
1262 2198 1344 2245 esse

242 2277 377 2359 dictum,
391 2278 521 2345 Plinius
536 2284 718 2347 auctorest
733 2296 877 2345 xxxiv.
888 2281 923 2347 2.
