3092 4884
575 396 665 445 vrrs
687 396 903 449 succussu.
1258 382 1287 449 9

182 544 232 611 bit
246 542 291 609 ab
300 542 419 609 eodem
431 542 636 609 Praetextato
650 538 824 621 eruditum,
839 548 941 629 atque
949 545 1163 619 instructura:
1177 547 1288 611 maxi·

185 665 238 711 mo
251 650 365 711 antem
376 644 426 711 M.
438 643 577 709 Catonis
589 645 759 710 studiosus
773 644 854 710 suit:
875 666 919 711 ex
934 646 1030 732 cujus
1043 649 1287 713 commentariis

184 747 288 813 rerba
312 745 490 830 excerpsit,
522 751 556 809 et
583 746 671 811 velut
694 747 894 811 breviarium
919 747 965 813 sd
991 767 1088 813 nsum
1115 751 1287 835 propriam

184 848 317 915 habuit:
350 848 440 933 qaod
469 847 630 913 Octavius
654 866 788 933 qaoque
815 847 986 933 Angustus
1012 850 1047 915 in
1074 852 1217 934 epistola
1242 850 1288 916 ad

186 950 238 1017 M.
256 950 440 1017 Antonium
452 952 559 1030 refert,
581 952 614 1017 in
628 970 696 1035 qua
708 953 820 1035 ipsum
835 950 1027 1031 Antonium,
1048 972 1109 1017 seu
1124 953 1288 1019 nemim

186 1062 254 1121 tem
268 1056 427 1139 increpat,
450 1053 540 1139 qnod
564 1074 606 1119 ea
619 1054 763 1120 scribere
776 1054 889 1133 vellet,
913 1074 990 1139 qum
1003 1056 1161 1121 mirentur
1174 1057 1288 1141 potins

186 1156 350 1234 homines,
373 1176 474 1242 qaam
490 1174 567 1239 quar
590 1156 783 1239 intelligant.
826 1157 896 1222 Sed
918 1158 1048 1223 interim
1072 1156 1117 1223 ad
1138 1158 1290 1223 Sallustii

187 1260 452 1325 commentarios.
496 1259 683 1325 Historiam
696 1261 887 1342 composuit
896 1259 939 1324 de
953 1259 994 1325 L.
1004 1258 1159 1325 Cartare
1174 1260 1291 1346 conju-

187 1362 317 1427 ratione
330 1366 444 1427 contra
458 1361 504 1429 R.
521 1362 694 1440 Senatum,
716 1363 842 1427 etitem
856 1362 899 1427 de
912 1363 1001 1427 bello
1021 1362 1206 1446 iugurthae,
1229 1362 1289 1446 qui

187 1461 359 1531 Numidiae
386 1483 447 1528 rex
473 1464 594 1543 iactus,
630 1465 689 1531 diu
718 1470 835 1530 contra
862 1464 1035 1531 Romanos
1064 1472 1194 1530 wenna
1220 1482 1291 1529 rem

186 1566 302 1651 gessit.
346 1564 532 1633 Historiam
554 1574 715 1649 preterea
740 1566 782 1631 de
802 1565 1031 1632 Romanorum
1051 1568 1165 1651 gestis,
1188 1572 1226 1633 nt
1248 1564 1291 1630 de

188 1667 311 1748 Mario,
325 1675 358 1734 et
373 1667 478 1745 Sulla,
490 1686 616 1733 necnon
629 1666 671 1731 de
685 1666 850 1752 Pompeio
864 1676 980 1735 contra
990 1688 1100 1753 regem
1115 1667 1290 1734 Mithrida-

188 1776 273 1837 tem:
295 1768 386 1854 quod
401 1788 488 1852 opus
501 1768 595 1833 libris
614 1768 743 1853 aliquot
764 1790 787 1834 a
809 1769 970 1835 Sallustio
986 1772 1177 1837 absolutum
1190 1768 1291 1836 mdi-

189 1879 254 1951 tur,
267 1876 300 1937 et
313 1871 421 1937 adhuc
436 1876 614 1955 supersunt
626 1871 795 1953 quaedam,
808 1872 912 1937 veluti
926 1873 1165 1938 absolutissimi
1178 1872 1292 1956 operis

188 1974 352 2059 reliquie,
366 1974 400 2037 in
414 1972 535 2056 quihus
550 1971 702 2036 Sallustii
716 1971 890 2055 diligentia
901 1974 938 2037 in
951 1972 1091 2039 historia
1105 1974 1293 2039 describen-

188 2076 245 2155 da,
272 2084 373 2161 atque
401 2074 547 2159 gravitas
573 2080 747 2158 appareat.
797 2075 839 2140 In
869 2081 963 2160 parte
987 2077 1099 2159 operis
1124 2076 1167 2141 de
1193 2077 1293 2141 rebus

191 2180 340 2259 Punicis,
360 2184 452 2245 tanto
465 2177 568 2243 animi
581 2176 693 2243 studio
706 2177 870 2257 incubuit,
884 2182 922 2242 ut
936 2198 958 2242 a
971 2177 1174 2262 quibusdam
1188 2178 1294 2263 scrip-

191 2290 262 2350 mm
276 2284 332 2361 sit,
358 2300 434 2347 eum
448 2282 612 2364 regionem
626 2278 761 2359 adiisse,
778 2300 819 2345 ac
832 2280 983 2346 maxima
1004 2281 1142 2346 solertia
1166 2282 1295 2364 perlus-

191 2392 309 2463 omes,
333 2403 401 2469 quo
423 2383 548 2467 majore
569 2380 634 2445 tide
648 2386 749 2465 atque
775 2380 887 2447 officio
900 2381 1071 2447 vamtatem
1092 2382 1293 2465 exploraret.

191 2486 340 2555 Auienus
355 2492 443 2551 certe
457 2482 568 2551 Rufus
593 2483 769 2566 plurimum
783 2480 934 2547 Sallustii
956 2482 1169 2565 diligentiam,
1193 2488 1294 2567 atque

192 2590 337 2656 madium
359 2586 621 2654 commendavit:
646 2584 706 2651 sed
727 2588 761 2651 et
782 2582 923 2663 Gellius,
949 2584 1002 2648 vir
1023 2582 1208 2663 Romanus,
1236 2586 1295 2669 qui

190 2700 340 2759 veterum
354 2688 547 2755 eruditionis
561 2685 774 2753 Aristarchus
789 2686 981 2764 habebatur,
1006 2688 1056 2752 ita
1077 2686 1120 2753 de
1143 2686 1294 2753 Sallustii

192 2796 342 2863 oratione
353 2793 504 2858 disserit:
526 2787 743 2873 ‘Elegantia’
757 2790 880 2873 inquit,
903 2793 913 2822 ‘
929 2788 1091 2868 Sallustii,
1106 2790 1296 2855 rerbomm·

193 2918 260 2985 quo
273 2897 440 2972 facundia,
463 2900 497 2959 et
510 2891 657 2958 novandi
672 2891 829 2970 sbrdinm,
856 2910 932 2957 cum
943 2891 1050 2956 multa
1061 2910 1199 2975 prorsus
1210 2892 1296 2957 invi·

193 3002 252 3067 din
265 3000 339 3078 suit,
360 2998 473 3084 plnres
487 3014 552 3061 non
566 2994 727 3060 mediocri
748 2992 880 3077 ingenio
895 2994 958 3058 viri
972 2992 1082 3059 conati
1096 2997 1172 3057 sunt
1185 3012 1296 3076 repre·

192 3102 333 3171 tardem
358 3102 528 3187 pleraque,
554 3103 588 3163 et
610 3096 805 3173 obtrectare,
829 3097 866 3159 in
890 3096 1014 3179 quibus
1039 3095 1139 3179 plura
1162 3092 1295 3173 inscite,

194 3214 252 3273 ant
264 3198 406 3288 maligne
419 3204 577 3269 vellicant
586 3199 604 3265 :'
627 3200 707 3283 quin
726 3204 760 3263 et
772 3199 859 3263 hunc
883 3198 1096 3281 proprietatis
1117 3195 1297 3261 servantis·

195 3308 318 3373 dmum
330 3312 441 3372 vocat.
484 3304 584 3369 Titus
607 3309 717 3368 autem
743 3301 862 3365 livius
885 3305 954 3363 tam
977 3298 1111 3381 iniquus
1136 3296 1297 3362 Sallustio

194 3410 267 3491 suit,
283 3412 384 3477 sicuti
398 3410 445 3475 ab
457 3406 590 3472 Anemo
608 3404 736 3469 Seneca
750 3403 915 3479 scribitur,
929 3405 968 3465 ut
981 3399 1138 3484 quaedam
1151 3418 1198 3463 ex
1213 3399 1298 3464 His·

194 3516 282 3587 toria
294 3511 501 3598 Thucydidis
521 3508 691 3585 translata,
717 3513 751 3571 et
774 3506 939 3589 eleganter
953 3507 1113 3581 munta,
1136 3502 1227 3568 velut
1240 3502 1299 3565 do-

196 3622 350 3703 prerata,
370 3619 405 3681 st
418 3618 576 3697 corrupta
589 3610 638 3675 illi
653 3608 821 3695 objecerit,
841 3606 943 3690 idque
953 3608 1066 3690 ipsum
1079 3623 1146 3667 non
1159 3602 1300 3668 in'lhu·

197 3719 330 3806 cydidis
343 3719 485 3801 gratiam
499 3714 620 3791 etfacit,
645 3717 683 3776 nt
701 3710 848 3775 Arellius
869 3708 1002 3773 Fuscus
1015 3706 1160 3784 dicebat,
1184 3724 1300 3771 rerum

195 3822 327 3909 putavit
348 3840 385 3884 se
399 3819 533 3885 facilius
547 3815 740 3881 Sallustium
753 3815 896 3889 vincere,
920 3810 951 3875 si
965 3810 1058 3893 prius
1071 3806 1300 3891 Thucydidem

196 3928 309 4012 ipsum
327 3922 508 4007 praeterret.
553 3917 691 3984 Asinius
715 3934 847 3999 quoque
870 3913 982 3977 Pollio
1004 3910 1125 3976 librum
1150 3909 1300 3992 scripsit,

197 4046 265 4112 qno
280 4024 428 4091 Sallustii
442 4024 569 4106 scripta
582 4018 841 4106 reprehenderet,
865 4013 958 4099 quod
981 4014 1016 4077 in
1035 4012 1079 4078 iis
1100 4009 1205 4076 nimia
1217 4028 1299 4094 qua·

197 4130 276 4195 dam
303 4126 512 4192 affectatione
540 4122 768 4206 antiquitatem
797 4121 998 4201 sequmetur.
1063 4114 1193 4179 Fabius
1214 4131 1300 4185 ‚vero

198 4228 437 4312 Quintilianus,
452 4227 655 4304 clamaturo,
669 4229 705 4290 et
717 4222 809 4307 gravi
817 4219 961 4307 judicio,
981 4216 1132 4295 asseruit,
1154 4214 1301 4282 orations
